@inproceedings{Hendrycks2017,
    title = {{A Baseline for Detecting Misclassified and Out-of-Distribution Examples in Neural Networks}},
    year = {2017},
    booktitle = {Proceedings of International Conference on Learning Representations},
    author = {Hendrycks, Dan and Gimpel, Kevin},
    pages = {1--13}
}

@article{GraphOverview2,
    title = {{A Comprehensive Survey on Graph Neural Networks}},
    year = {2020},
    journal = {IEEE Transactions on Neural Networks and Learning Systems},
    author = {Wu, Zonghan and Pan, Shirui and Chen, Fengwen and Long, Guodong and Zhang, Chengqi and Yu, Philip S.},
    pages = {1--21},
    url = {http://arxiv.org/abs/1901.00596 https://ieeexplore.ieee.org/document/9046288},
    arxivId = {1901.00596}
}

@article{Feng2017,
    title = {{A Hierarchical multi-label classification algorithm for gene function prediction}},
    year = {2017},
    journal = {Algorithms},
    author = {Feng, Shou and Fu, Ping and Zheng, Wenbin},
    number = {4},
    pages = {1--14},
    volume = {10},
    doi = {10.3390/a10040138},
    issn = {19994893},
    keywords = {DAG, Gene function prediction, Hierarchical multi-label classification, The Gene Ontology}
}

@article{TeacherForcing,
    title = {{A Learning Algorithm for Continually Running Fully Recurrent Neural Networks}},
    year = {1989},
    journal = {Neural Comput.},
    author = {Williams, Ronald J and Zipser, David},
    number = {2},
    month = {6},
    pages = {270–280},
    volume = {1},
    publisher = {MIT Press},
    url = {https://doi.org/10.1162/neco.1989.1.2.270},
    address = {Cambridge, MA, USA},
    doi = {10.1162/neco.1989.1.2.270},
    issn = {0899-7667}
}

@article{Theis2015,
    title = {{A note on the evaluation of generative models}},
    year = {2016},
    journal = {4th International Conference on Learning Representations, ICLR 2016 - Conference Track Proceedings},
    author = {Theis, Lucas and Van Den Oord, Aäron and Bethge, Matthias},
    url = {http://arxiv.org/abs/1511.01844},
    arxivId = {1511.01844}
}

@inproceedings{Costa2007,
    title = {{A Review of Performance Evaluation Measures for Hierarchical Classifiers}},
    year = {2007},
    booktitle = {Evaluation Methods for Machine Learning II: papers from the AAAI-2007 Workshop},
    author = {Costa, Eduardo P and Postal, Caixa and Lorena, Ana C and Ad, Rua Santa},
    pages = {1--6},
    isbn = {978-1-57735-332-4},
    arxivId = {10.1.1.183.1219}
}

@article{Garcia-Garcia2017,
    title = {{A Review on Deep Learning Techniques Applied to Semantic Segmentation}},
    year = {2017},
    journal = {arXiv preprint arXiv:1704.06857},
    author = {Garcia-Garcia, Alberto and Orts-Escolano, Sergio and Oprea, Sergiu and Villena-Martinez, Victor and Garcia-Rodriguez, Jose},
    url = {http://arxiv.org/abs/1704.06857},
    isbn = {978-1-4471-4639-1},
    doi = {10.1007/978-1-4471-4640-7},
    arxivId = {1704.06857}
}

@inproceedings{StyleGAN,
    title = {{A style-based generator architecture for generative adversarial networks}},
    year = {2019},
    booktitle = {Proceedings of the IEEE Conference on Computer Vision and Pattern Recognition},
    author = {Karras, Tero and Laine, Samuli and Aila, Timo},
    pages = {4401--4410},
    url = {http://openaccess.thecvf.com/content_CVPR_2019/papers/Karras_A_Style-Based_Generator_Architecture_for_Generative_Adversarial_Networks_CVPR_2019_paper.pdf}
}

@article{Silla2011,
    title = {{A survey of hierarchical classification across different application domains}},
    year = {2011},
    journal = {Data Mining and Knowledge Discovery},
    author = {Silla, Carlos N. and Freitas, Alex A.},
    number = {1-2},
    pages = {31--72},
    volume = {22},
    isbn = {1384-5810},
    doi = {10.1007/s10618-010-0175-9},
    issn = {13845810},
    pmid = {19477997},
    arxivId = {arXiv:1507.02293v1},
    keywords = {DAG-structured class hierarchies, Hierarchical classification, Tree-structured class hierarchies}
}

@article{Sokolova2009,
    title = {{A systematic analysis of performance measures for classification tasks}},
    year = {2009},
    journal = {Information Processing and Management},
    author = {Sokolova, Marina and Lapalme, Guy},
    number = {4},
    pages = {427--437},
    volume = {45},
    publisher = {Elsevier Ltd},
    url = {http://dx.doi.org/10.1016/j.ipm.2009.03.002},
    isbn = {0306-4573},
    doi = {10.1016/j.ipm.2009.03.002},
    issn = {03064573},
    keywords = {Machine Learning, Performance evaluation, Text classification}
}

@inproceedings{Adam,
    title = {{Adam: A Method for Stochastic Optimization}},
    year = {2015},
    booktitle = {International Conference on Learning Representations (ICLR) 2015},
    author = {Kingma, Diederik P. and Ba, Jimmy},
    editor = {Bengio, Yoshua and LeCun, Yann},
    url = {http://arxiv.org/abs/1412.6980},
    address = {San Diego, CA, USA},
    isbn = {9781450300728},
    doi = {http://doi.acm.org.ezproxy.lib.ucf.edu/10.1145/1830483.1830503},
    issn = {09252312},
    pmid = {172668},
    arxivId = {1412.6980}
}

@article{SoftmaxSamplingBengioNGram,
    title = {{Adaptive importance sampling to accelerate training of a neural probabilistic language model}},
    year = {2008},
    journal = {IEEE Transactions on Neural Networks},
    author = {Bengio, Yoshua and Sen{\'{e}}cal, Jean Sébastien},
    number = {4},
    pages = {713--722},
    volume = {19},
    doi = {10.1109/TNN.2007.912312},
    issn = {10459227},
    keywords = {Energy-based models, Fast training, Importance sampling, Language modeling, Monte Carlo methods, Probabilistic neural networks}
}

@article{SoftmaxSamplingBengioNGramb,
    title = {{Adaptive importance sampling to accelerate training of a neural probabilistic language model}},
    year = {2008},
    journal = {IEEE Transactions on Neural Networks},
    author = {Bengio, Yoshua and Sen{\'{e}}cal, Jean Sébastien},
    number = {4},
    pages = {713--722},
    volume = {19},
    doi = {10.1109/TNN.2007.912312},
    issn = {10459227},
    keywords = {Energy-based models, Fast training, Importance sampling, Language modeling, Monte Carlo methods, Probabilistic neural networks}
}

@article{SoftmaxSamplingBlanc,
    title = {{Adaptive sampled softmax with kernel based sampling}},
    year = {2018},
    journal = {35th International Conference on Machine Learning, ICML 2018},
    author = {Blanc, Guy and Rendle, Steffen},
    pages = {946--955},
    volume = {2},
    isbn = {9781510867963},
    arxivId = {1712.00527}
}

@article{SoftmaxSamplingBlancb,
    title = {{Adaptive sampled softmax with kernel based sampling}},
    year = {2018},
    journal = {35th International Conference on Machine Learning, ICML 2018},
    author = {Blanc, Guy and Rendle, Steffen},
    pages = {946--955},
    volume = {2},
    isbn = {9781510867963},
    arxivId = {1712.00527}
}

@article{VAEAdvances,
    title = {{Advances in Variational Inference}},
    year = {2019},
    journal = {IEEE Transactions on Pattern Analysis and Machine Intelligence},
    author = {Zhang, Cheng and Butepage, Judith and Kjellstrom, Hedvig and Mandt, Stephan},
    number = {8},
    pages = {2008--2026},
    volume = {41},
    doi = {10.1109/TPAMI.2018.2889774},
    issn = {19393539},
    pmid = {30596568},
    arxivId = {1711.05597},
    keywords = {Variational inference, approximate Bayesian inference, inference networks, reparameterization gradients, scalable inference, structured variational approximations}
}

@inproceedings{GraphColoringApplications,
    title = {{Applications of Graph Coloring}},
    year = {2005},
    booktitle = {Computational Science and Its Applications -- ICCSA 2005},
    author = {Ufuktepe, Ünal and Bacak, Goksen},
    editor = {Gervasi, Osvaldo and Gavrilova, Marina L and Kumar, Vipin and Lagan{\`{a}}, Antonio and Lee, Heow Pueh and Mun, Youngsong and Taniar, David and Tan, Chih Jeng Kenneth},
    pages = {522--528},
    publisher = {Springer Berlin Heidelberg},
    url = {https://link.springer.com/chapter/10.1007/11424857_55},
    address = {Berlin, Heidelberg},
    isbn = {978-3-540-32045-6}
}

@inproceedings{Geiger2012,
    title = {{Are we ready for autonomous driving? the KITTI vision benchmark suite}},
    year = {2012},
    booktitle = {Proceedings of the IEEE Computer Society Conference on Computer Vision and Pattern Recognition},
    author = {Geiger, Andreas and Lenz, Philip and Urtasun, Raquel},
    pages = {3354--3361},
    isbn = {9781467312264},
    doi = {10.1109/CVPR.2012.6248074},
    issn = {10636919},
    pmid = {15747803},
    arxivId = {1612.07695}
}

@incollection{AttentionIsAllYouNeed,
    title = {{Attention is All you Need}},
    year = {2017},
    booktitle = {Advances in Neural Information Processing Systems 30},
    author = {Vaswani, Ashish and Shazeer, Noam and Parmar, Niki and Uszkoreit, Jakob and Jones, Llion and Gomez, Aidan N and Kaiser, Łukasz and Polosukhin, Illia},
    editor = {Guyon, I and Luxburg, U V and Bengio, S and Wallach, H and Fergus, R and Vishwanathan, S and Garnett, R},
    pages = {5998--6008},
    publisher = {Curran Associates, Inc.},
    url = {http://papers.nips.cc/paper/7181-attention-is-all-you-need.pdf}
}

@inproceedings{VAE,
    title = {{Auto-Encoding Variational Bayes}},
    year = {2014},
    booktitle = {2nd International Conference on Learning Representations, ICLR},
    author = {Kingma, Diederik P and Welling, Max},
    url = {http://arxiv.org/abs/1312.6114},
    address = {Banff, AB, Canada}
}

@inproceedings{BERT,
    title = {{BERT: Pre-training of Deep Bidirectional Transformers for Language Understanding}},
    year = {2019},
    booktitle = {Proceedings of the 2019 Conference of the North American Chapter of the Association for Computational Linguistics: Human Language Technologies, Volume 1 (Long and Short Papers)},
    author = {Devlin, Jacob and Chang, Ming-Wei and Lee, Kenton and Toutanova, Kristina},
    number = {4171-4186},
    publisher = {Association for Computational Linguistics},
    url = {https://www.aclweb.org/anthology/N19-1423},
    address = {Minneapolis, Minnesota},
    arxivId = {1810.04805}
}

@article{NFReinforcementLearning1,
    title = {{Boosting Trust Region Policy Optimization by Normalizing Flows Policy}},
    year = {2018},
    journal = {arXiv preprint arXiv:1809.10326v3},
    author = {Tang, Yunhao and Agrawal, Shipra},
    url = {http://arxiv.org/abs/1809.10326},
    arxivId = {1809.10326}
}

@article{CategoricalNF,
    title = {{Categorical Normalizing Flows via Continuous Transformations}},
    year = {2020},
    journal = {arXiv preprint arXiv:2006.09790v1},
    author = {Lippe, Phillip and Gavves, Efstratios},
    url = {http://arxiv.org/abs/2006.09790},
    arxivId = {2006.09790}
}

@inproceedings{GumbelSoftmax2,
    title = {{Categorical Reparameterization with Gumbel-Softmax}},
    year = {2017},
    booktitle = {5th International Conference on Learning Representations, ICLR 2017 - Conference Track Proceedings},
    author = {Jang, Eric and Gu, Shixiang and Poole, Ben},
    publisher = {International Conference on Learning Representations, ICLR},
    url = {https://arxiv.org/abs/1611.01144},
    arxivId = {1611.01144}
}

@article{OptimalTransportBook,
    title = {{Computational Optimal Transport}},
    year = {2019},
    journal = {Foundations and Trends in Machine Learning},
    author = {Peyr{\'{e}}, Gabriel and Cuturi, Marco},
    number = {5-6},
    pages = {355--602},
    volume = {11},
    url = {http://www.nowpublishers.com/article/Details/MAL-073},
    doi = {10.1561/2200000073},
    issn = {1935-8237},
    arxivId = {arXiv:1803.00567v3}
}

@article{OptimalTransport,
    title = {{Computational optimal transport}},
    year = {2019},
    journal = {Foundations and Trends in Machine Learning},
    author = {Peyr{\'{e}}, Gabriel and Cuturi, Marco},
    number = {5-6},
    pages = {1--257},
    volume = {11},
    doi = {10.1561/2200000073},
    issn = {19358245},
    arxivId = {1803.00567}
}

@article{Janai2017,
    title = {{Computer Vision for Autonomous Vehicles: Problems, Datasets and State-of-the-Art}},
    year = {2017},
    journal = {arXiv preprint arXiv:1704.05519},
    author = {Janai, Joel and G{\"{u}}ney, Fatma and Behl, Aseem and Geiger, Andreas},
    url = {http://arxiv.org/abs/1704.05519},
    doi = {10.1007/1-4020-3858-8{\_}15},
    issn = {10495258},
    arxivId = {1704.05519},
    keywords = {and lowers the, autonomous vehicles, autonomous vision, by providing an exhaustive, computer vision, entry barrier for beginners, field of autonomous vision, for researchers in the, manner 1, overview, survey will become a, useful tool, we hope that our}
}

@incollection{PixelCNN,
    title = {{Conditional Image Generation with PixelCNN Decoders}},
    year = {2016},
    booktitle = {Advances in Neural Information Processing Systems 29},
    author = {van den Oord, Aaron and Kalchbrenner, Nal and Espeholt, Lasse and Kavukcuoglu, Koray and Vinyals, Oriol and Graves, Alex},
    editor = {Lee, D D and Sugiyama, M and Luxburg, U V and Guyon, I and Garnett, R},
    pages = {4790--4798},
    publisher = {Curran Associates, Inc.},
    url = {http://papers.nips.cc/paper/6527-conditional-image-generation-with-pixelcnn-decoders.pdf}
}

@incollection{NIPS2016_6527,
    title = {{Conditional Image Generation with PixelCNN Decoders}},
    year = {2016},
    booktitle = {Advances in Neural Information Processing Systems 29},
    author = {van den Oord, Aaron and Kalchbrenner, Nal and Espeholt, Lasse and kavukcuoglu, koray and Vinyals, Oriol and Graves, Alex},
    editor = {Lee, D D and Sugiyama, M and Luxburg, U V and Guyon, I and Garnett, R},
    pages = {4790--4798},
    publisher = {Curran Associates, Inc.},
    url = {http://papers.nips.cc/paper/6527-conditional-image-generation-with-pixelcnn-decoders.pdf}
}

@incollection{GraphVAEConstrained,
    title = {{Constrained Generation of Semantically Valid Graphs via Regularizing Variational Autoencoders}},
    year = {2018},
    booktitle = {Advances in Neural Information Processing Systems 31},
    author = {Ma, Tengfei and Chen, Jie and Xiao, Cao},
    editor = {Bengio, S and Wallach, H and Larochelle, H and Grauman, K and Cesa-Bianchi, N and Garnett, R},
    pages = {7113--7124},
    publisher = {Curran Associates, Inc.},
    url = {http://papers.nips.cc/paper/7942-constrained-generation-of-semantically-valid-graphs-via-regularizing-variational-autoencoders.pdf}
}

@incollection{GraphVAEConstrained2,
    title = {{Constrained Graph Variational Autoencoders for Molecule Design}},
    year = {2018},
    booktitle = {Advances in Neural Information Processing Systems 31},
    author = {Liu, Qi and Allamanis, Miltiadis and Brockschmidt, Marc and Gaunt, Alexander},
    editor = {Bengio, S and Wallach, H and Larochelle, H and Grauman, K and Cesa-Bianchi, N and Garnett, R},
    pages = {7795--7804},
    publisher = {Curran Associates, Inc.},
    url = {http://papers.nips.cc/paper/8005-constrained-graph-variational-autoencoders-for-molecule-design.pdf}
}

@book{DeepLearningBook,
    title = {{Deep Learning}},
    year = {2016},
    author = {Goodfellow, Ian and Bengio, Yoshua and Courville, Aaron},
    publisher = {MIT Press},
    url = {http://www.deeplearningbook.org},
    isbn = {9780262035613}
}

@inproceedings{He2016,
    title = {{Deep Residual Learning for Image Recognition}},
    year = {2016},
    booktitle = {Proceedings of the IEEE Conference on Computer Vision and Pattern Recognition (CVPR)},
    author = {He, Kaiming and Zhang, Xiangyu and Ren, Shaoqing and Sun, Jian},
    pages = {770--778},
    url = {http://ieeexplore.ieee.org/document/7780459/},
    isbn = {978-1-4673-8851-1},
    doi = {10.1109/CVPR.2016.90},
    issn = {1664-1078},
    pmid = {23554596},
    arxivId = {1703.10722}
}

@article{Glorot2011,
    title = {{Deep sparse rectifier neural networks}},
    year = {2011},
    journal = {Proceedings of the 14th International Conference on Artificial Intelligence and Statistics},
    author = {Glorot, Xavier and Bordes, Antoine and Bengio, Yoshua},
    pages = {315--323},
    volume = {15},
    isbn = {1532-4435},
    doi = {10.1.1.208.6449},
    issn = {15324435},
    arxivId = {1502.03167}
}

@inproceedings{Alemi2016,
    title = {{DeepMath - Deep Sequence Models for Premise Selection}},
    year = {2016},
    booktitle = {Advances in Neural Information Processing Systems},
    author = {Alemi, Alex A. and Chollet, Francois and Een, Niklas and Irving, Geoffrey and Szegedy, Christian and Urban, Josef},
    editor = {Lee, D. D. and Sugiyama, M. and Luxburg, U. V. and Guyon, I. and Garnett, R.},
    number = {29},
    pages = {2235--2243},
    publisher = {Curran Associates, Inc.},
    url = {http://arxiv.org/abs/1606.04442 http://papers.nips.cc/paper/6280-deepmath-deep-sequence-models-for-premise-selection.pdf},
    issn = {10495258},
    arxivId = {1606.04442}
}

@article{NormalizingFlowsOriginalMathConcept,
    title = {{Density estimation by dual ascent of the log-likelihood}},
    year = {2010},
    journal = {Communications in Mathematical Sciences},
    author = {Tabak, Esteban and Vanden Eijnden, Eric},
    number = {1},
    pages = {217--233},
    volume = {8},
    publisher = {International Press of Boston, Inc.},
    url = {https://math.nyu.edu/faculty/tabak/publications/CMSV8-1-10.pdf},
    issn = {1539-6746},
    keywords = {Density estimation, Machine learning, Maximum likelihood}
}

@inproceedings{RealNVP,
    title = {{Density estimation using Real NVP}},
    year = {2017},
    booktitle = {5th International Conference on Learning Representations, ICLR 2017},
    author = {Dinh, Laurent and Sohl-Dickstein, Jascha and Bengio, Samy},
    url = {http://arxiv.org/abs/1605.08803 https://openreview.net/group?id=ICLR.cc/2017/conference},
    address = {Toulon, France},
    arxivId = {1605.08803}
}

@article{DBLP:journals/corr/DinhSB16,
    title = {{Density estimation using Real {\{}NVP{\}}}},
    year = {2016},
    journal = {CoRR},
    author = {Dinh, Laurent and Sohl-Dickstein, Jascha and Bengio, Samy},
    volume = {abs/1605.0},
    url = {http://arxiv.org/abs/1605.08803},
    arxivId = {1605.08803}
}

@inproceedings{TranDiscreteFlows,
    title = {{Discrete Flows: Invertible Generative Models of Discrete Data}},
    year = {2019},
    booktitle = {Advances in Neural Information Processing Systems},
    author = {Tran, Dustin and Vafa, Keyon and Agrawal, Kumar Krishna and Dinh, Laurent and Poole, Ben},
    pages = {14692--14701},
    url = {http://arxiv.org/abs/1905.10347},
    arxivId = {1905.10347}
}

@incollection{Word2Vec,
    title = {{Distributed Representations of Words and Phrases and their Compositionality}},
    year = {2013},
    booktitle = {Advances in Neural Information Processing Systems 26},
    author = {Mikolov, Tomas and Sutskever, Ilya and Chen, Kai and Corrado, Greg S and Dean, Jeff},
    editor = {Burges, C J C and Bottou, L and Welling, M and Ghahramani, Z and Weinberger, K Q},
    pages = {3111--3119},
    publisher = {Curran Associates, Inc.},
    url = {http://papers.nips.cc/paper/5021-distributed-representations-of-words-and-phrases-and-their-compositionality.pdf}
}

@article{Dropout,
    title = {{Dropout: A Simple Way to Prevent Neural Networks from Overfitting}},
    year = {2014},
    journal = {Journal of Machine Learning Research},
    author = {Srivastava, Nitish and Hinton, Geoffrey and Krizhevsky, Alex and Sutskever, Ilya and Salakhutdinov, Ruslan},
    pages = {1929--1958},
    volume = {15},
    isbn = {1532-4435},
    doi = {10.1214/12-AOS1000},
    issn = {15337928},
    pmid = {23285570},
    arxivId = {1102.4807},
    keywords = {deep learning, model combination, neural networks, regularization}
}

@incollection{GraphRNNAttention,
    title = {{Efficient Graph Generation with Graph Recurrent Attention Networks}},
    year = {2019},
    booktitle = {Advances in Neural Information Processing Systems 32},
    author = {Liao, Renjie and Li, Yujia and Song, Yang and Wang, Shenlong and Hamilton, Will and Duvenaud, David K and Urtasun, Raquel and Zemel, Richard},
    editor = {Wallach, H and Larochelle, H and Beygelzimer, A and D'Alch{\'{e}}-Buc, F and Fox, E and Garnett, R},
    pages = {4255--4265},
    publisher = {Curran Associates, Inc.},
    url = {http://papers.nips.cc/paper/8678-efficient-graph-generation-with-graph-recurrent-attention-networks.pdf}
}

@article{Chen2018,
    title = {{Encoder-Decoder with Atrous Separable Convolution for Semantic Image Segmentation}},
    year = {2018},
    journal = {arXiv preprint arXiv:1802.02611},
    author = {Chen, Liang-Chieh and Zhu, Yukun and Papandreou, George and Schroff, Florian and Adam, Hartwig},
    url = {http://arxiv.org/abs/1802.02611},
    arxivId = {1802.02611}
}

@article{STEGradientEstimator,
    title = {{Estimating or Propagating Gradients Through Stochastic Neurons for Conditional Computation}},
    year = {2013},
    journal = {arXiv preprint arXiv:1308.3432v1},
    author = {Bengio, Yoshua and L{\'{e}}onard, Nicholas and Courville, Aaron},
    url = {http://arxiv.org/abs/1308.3432},
    arxivId = {1308.3432}
}

@inproceedings{Girshick2015,
    title = {{Fast R-CNN}},
    year = {2015},
    booktitle = {Proceedings of the IEEE International Conference on Computer Vision (ICCV)},
    author = {Girshick, Ross},
    pages = {1440--1448},
    publisher = {IEEE Computer Society},
    url = {http://dx.doi.org/10.1109/ICCV.2015.169},
    isbn = {978-1-4673-8391-2},
    doi = {10.1109/iccv.2015.169},
    issn = {15505499},
    pmid = {23739795},
    arxivId = {1504.08083}
}

@incollection{NIPS2015_5638,
    title = {{Faster R-CNN: Towards Real-Time Object Detection with Region Proposal Networks}},
    year = {2015},
    booktitle = {Advances in Neural Information Processing Systems 28},
    author = {Ren, Shaoqing and He, Kaiming and Girshick, Ross and Sun, Jian},
    editor = {Cortes, C and Lawrence, N D and Lee, D D and Sugiyama, M and Garnett, R},
    pages = {91--99},
    publisher = {Curran Associates, Inc.},
    url = {http://papers.nips.cc/paper/5638-faster-r-cnn-towards-real-time-object-detection-with-region-proposal-networks.pdf}
}

@inproceedings{Flow++,
    title = {{Flow++: Improving Flow-Based Generative Models with Variational Dequantization and Architecture Design}},
    year = {2019},
    booktitle = {Proceedings of the 36th International Conference on Machine Learning},
    author = {Ho, Jonathan and Chen, Xi and Srinivas, Aravind and Duan, Yan and Abbeel, Pieter},
    editor = {Chaudhuri, Kamalika and Salakhutdinov, Ruslan},
    pages = {2722--2730},
    volume = {97},
    publisher = {PMLR},
    url = {http://arxiv.org/abs/1902.00275 http://proceedings.mlr.press/v97/ho19a.html},
    address = {Long Beach, California, USA},
    arxivId = {1902.00275}
}

@inproceedings{FloWaveNet,
    title = {{FloWaveNet : A Generative Flow for Raw Audio}},
    year = {2019},
    booktitle = {Proceedings of the 36th International Conference on Machine Learning},
    author = {Kim, Sungwon and Lee, Sang-Gil and Song, Jongyoon and Kim, Jaehyeon and Yoon, Sungroh},
    editor = {Chaudhuri, Kamalika and Salakhutdinov, Ruslan},
    pages = {3370--3378},
    series = {Proceedings of Machine Learning Research},
    volume = {97},
    publisher = {PMLR},
    url = {http://proceedings.mlr.press/v97/kim19b.html},
    address = {Long Beach, California, USA}
}

@inproceedings{Long2015,
    title = {{Fully convolutional networks for semantic segmentation}},
    year = {2015},
    booktitle = {Proceedings of the IEEE Computer Society Conference on Computer Vision and Pattern Recognition},
    author = {Long, Jonathan and Shelhamer, Evan and Darrell, Trevor},
    pages = {3431--3440},
    url = {https://doi.org/10.1109/CVPR.2015.7298965},
    isbn = {9781467369640},
    doi = {10.1109/CVPR.2015.7298965},
    issn = {10636919},
    pmid = {16190471},
    arxivId = {1411.4038}
}

@article{GELU,
    title = {{Gaussian Error Linear Units (GELUs)}},
    year = {2016},
    journal = {arXiv preprint arXiv:1606.08415v3},
    author = {Hendrycks, Dan and Gimpel, Kevin},
    url = {https://arxiv.org/abs/1606.08415}
}

@article{VQVAE2,
    title = {{Generating Diverse High-Fidelity Images with VQ-VAE-2}},
    year = {2019},
    journal = {arXiv preprint arXiv:1906.00446v1},
    author = {Razavi, Ali and Oord, Aaron van den and Vinyals, Oriol},
    url = {http://arxiv.org/abs/1906.00446},
    arxivId = {1906.00446}
}

@inproceedings{VAEPosteriorCollapse,
    title = {{Generating Sentences from a Continuous Space}},
    year = {2016},
    booktitle = {Proceedings of The 20th SIGNLL Conference on Computational Natural Language Learning},
    author = {Bowman, Samuel R and Vilnis, Luke and Vinyals, Oriol and Dai, Andrew and Jozefowicz, Rafal and Bengio, Samy},
    month = {8},
    pages = {10--21},
    publisher = {Association for Computational Linguistics},
    url = {https://www.aclweb.org/anthology/K16-1002},
    address = {Berlin, Germany},
    doi = {10.18653/v1/K16-1002}
}

@inproceedings{Glove,
    title = {{Glove: Global Vectors for Word Representation}},
    year = {2014},
    booktitle = {Proceedings of the 2014 Conference on Empirical Methods in Natural Language Processing (EMNLP)},
    author = {Pennington, Jeffrey and Socher, Richard and Manning, Christopher},
    month = {10},
    pages = {1532--1543},
    publisher = {Association for Computational Linguistics},
    url = {https://www.aclweb.org/anthology/D14-1162},
    address = {Doha, Qatar},
    doi = {10.3115/v1/D14-1162}
}

@inproceedings{Glow,
    title = {{Glow: Generative Flow with Invertible 1x1 Convolutions}},
    year = {2018},
    booktitle = {Advances in Neural Information Processing Systems},
    author = {Kingma, Diederik P. and Dhariwal, Prafulla},
    editor = {Bengio, S. and Wallach, H. and Larochelle, H. and Grauman, K. and Cesa-Bianchi, N. and Garnett, R.},
    pages = {10215--10224},
    volume = {31},
    publisher = {Curran Associates, Inc.},
    url = {http://arxiv.org/abs/1807.03039 http://papers.nips.cc/paper/8224-glow-generative-flow-with-invertible-1x1-convolutions.pdf},
    arxivId = {1807.03039}
}

@inproceedings{Szegedy2014,
    title = {{Going Deeper with Convolutions}},
    year = {2014},
    booktitle = {Proceedings of the IEEE Conference on Computer Vision and Pattern Recognition (CVPR)},
    author = {Szegedy, Christian and Liu, Wei and Jia, Yangqing and Sermanet, Pierre and Reed, Scott and Anguelov, Dragomir and Erhan, Dumitru and Vanhoucke, Vincent and Rabinovich, Andrew and Hill, Chapel and Arbor, Ann},
    pages = {1--9},
    isbn = {9781467369640},
    doi = {10.1109/CVPR.2015.7298594},
    issn = {10636919},
    pmid = {24920543},
    arxivId = {1409.4842}
}

@article{GraphAttentionNetwork,
    title = {{Graph Attention Networks}},
    year = {2018},
    journal = {International Conference on Learning Representations},
    author = {Veli{\v{c}}kovi{\'{c}}, Petar and Cucurull, Guillem and Casanova, Arantxa and Romero, Adriana and Li{\`{o}}, Pietro and Bengio, Yoshua},
    url = {https://openreview.net/forum?id=rJXMpikCZ}
}

@inproceedings{GraphColoringDL,
    title = {{Graph colouring meets deep learning: Effective graph neural network models for combinatorial problems}},
    year = {2019},
    booktitle = {Proceedings - International Conference on Tools with Artificial Intelligence, ICTAI},
    author = {Lemos, Henrique and Prates, Marcelo and Avelar, Pedro and Lamb, Luis},
    month = {11},
    pages = {879--885},
    volume = {2019-Novem},
    publisher = {IEEE Computer Society},
    isbn = {9781728137988},
    doi = {10.1109/ICTAI.2019.00125},
    issn = {10823409},
    arxivId = {1903.04598},
    keywords = {Deep learning, Graph coloring, Graph neural networks, Relational learning}
}

@article{GraphOverview1,
    title = {{Graph Neural Networks: A Review of Methods and Applications}},
    year = {2018},
    journal = {arXiv preprint arXiv:1812.08434},
    author = {Zhou, Jie and Cui, Ganqu and Zhang, Zhengyan and Yang, Cheng and Liu, Zhiyuan and Wang, Lifeng and Li, Changcheng and Sun, Maosong},
    url = {http://arxiv.org/abs/1812.08434},
    arxivId = {1812.08434}
}

@inproceedings{GraphNF,
    title = {{Graph Normalizing Flows}},
    year = {2019},
    booktitle = {Advances in Neural Information Processing Systems},
    author = {Liu, Jenny and Kumar, Aviral and Ba, Jimmy and Kiros, Jamie and Swersky, Kevin},
    pages = {13556--13566},
    url = {http://arxiv.org/abs/1905.13177},
    arxivId = {1905.13177}
}

@book{bondy1976graph,
    title = {{Graph theory with applications}},
    year = {1976},
    author = {Bondy, John Adrian and Murty, Uppaluri Siva Ramachandra and {others}},
    volume = {290},
    publisher = {Macmillan London},
    url = {https://www.zib.de/groetschel/teaching/WS1314/BondyMurtyGTWA.pdf}
}

@inproceedings{GraphAF,
    title = {{GraphAF: a Flow-based Autoregressive Model for Molecular Graph Generation}},
    year = {2020},
    booktitle = {International Conference on Learning Representations},
    author = {Shi, Chence and Xu, Minkai and Zhu, Zhaocheng and Zhang, Weinan and Zhang, Ming and Tang, Jian},
    url = {http://arxiv.org/abs/2001.09382},
    arxivId = {2001.09382}
}

@article{GraphNVP,
    title = {{GraphNVP: An Invertible Flow Model for Generating Molecular Graphs}},
    year = {2019},
    journal = {arXiv preprint arXiv:1905.11600v1},
    author = {Madhawa, Kaushalya and Ishiguro, Katushiko and Nakago, Kosuke and Abe, Motoki},
    url = {http://arxiv.org/abs/1905.11600},
    arxivId = {1905.11600}
}

@inproceedings{GraphRNN,
    title = {{GraphRNN: Generating Realistic Graphs with Deep Auto-regressive Models}},
    year = {2018},
    booktitle = {Proceedings of the 35th International Conference on Machine Learning},
    author = {You, Jiaxuan and Ying, Rex and Ren, Xiang and Hamilton, William and Leskovec, Jure},
    editor = {Dy, Jennifer and Krause, Andreas},
    pages = {5708--5717},
    series = {Proceedings of Machine Learning Research},
    volume = {80},
    publisher = {PMLR},
    url = {http://proceedings.mlr.press/v80/you18a.html},
    address = {Stockholmsm{\"{a}}ssan, Stockholm Sweden}
}

@inproceedings{GraphVAE,
    title = {{GraphVAE: Towards Generation of Small Graphs Using Variational Autoencoders.}},
    year = {2018},
    booktitle = {International Conference on Artificial Neural Networks},
    author = {Simonovsky, Martin and Komodakis, Nikos},
    pages = {412--422},
    volume = {abs/1802.0},
    url = {https://arxiv.org/pdf/1802.03480.pdf}
}

@inproceedings{Deng2012,
    title = {{Hedging your bets: Optimizing accuracy-specificity trade-offs in large scale visual recognition}},
    year = {2012},
    booktitle = {Proceedings of the IEEE Conference on Computer Vision and Pattern Recognition (CVPR)},
    author = {Deng, Jia and Krause, Jonathan and Berg, Alexander C. and Fei-Fei, Li},
    pages = {3450--3457},
    isbn = {9781467312264},
    doi = {10.1109/CVPR.2012.6248086},
    issn = {10636919}
}

@inproceedings{Dumais2000,
    title = {{Hierarchical classification of Web content}},
    year = {2000},
    booktitle = {Proceedings of the 23rd annual international ACM SIGIR conference on Research and development in information retrieval},
    author = {Dumais, S and Chen, H},
    pages = {256--263},
    publisher = {ACM (New York, NY, USA)},
    url = {http://dl.acm.org/citation.cfm?id=345593%5Cnpapers2://publication/uuid/AEF1D3A9-9D53-4B23-9681-C7D448631009 http://doi.acm.org/10.1145/345508.345593},
    address = {Athens, Greece},
    isbn = {1581132263},
    doi = {10.1145/345508.345593},
    issn = {1581132263},
    keywords = {classification, hierarchical, machine learning, models, support vector machines, text categorization, text classification, web hierarchies}
}

@inproceedings{Blockeel2002,
    title = {{Hierarchical multi-classification}},
    year = {2002},
    booktitle = {Proceedings of the ACM SIGKDD Workshop on Multi-Relational Data Mining},
    author = {Blockeel, H. and Bruynooghe, M. and Dzeroski, S. and Ramon, J. and Struyf, J.},
    pages = {21--35},
    doi = {10.1021/ic101839k},
    issn = {1520-510X},
    pmid = {21082792}
}

@inproceedings{Lee2018,
    title = {{Hierarchical Novelty Detection for Visual Object Recognition}},
    year = {2018},
    booktitle = {Proceedings of the IEEE Conference on Computer Vision and Pattern Recognition (CVPR)},
    author = {Lee, Kibok and Lee, Kimin and Min, Kyle and Zhang, Yuting and Shin, Jinwoo and Lee, Honglak},
    pages = {1034--1042},
    url = {http://arxiv.org/abs/1804.00722},
    arxivId = {1804.00722}
}

@inproceedings{Barutcuoglu2006,
    title = {{Hierarchical Shape Classification Using Bayesian Aggregation}},
    year = {2006},
    booktitle = {IEEE International Conference on Shape Modeling and Applications 2006 (SMI'06)},
    author = {Barutcuoglu, Z. and DeCoro, C.},
    pages = {44--48},
    publisher = {IEEE},
    url = {http://dx.doi.org/10.1109/SMI.2006.15%5Cnhttp://ieeexplore.ieee.org/lpdocs/epic03/wrapper.htm?arnumber=1631221},
    address = {Matsushima, Japan},
    isbn = {0-7695-2591-1},
    doi = {10.1109/SMI.2006.15},
    keywords = {3Dshape}
}

@inproceedings{Sun2001,
    title = {{Hierarchical text classification and evaluation}},
    year = {2001},
    booktitle = {Proceedings 2001 IEEE International Conference on Data Mining},
    author = {Sun, Aixin Sun Aixin and Lim, Ee-Peng Lim Ee-Peng},
    pages = {521--528},
    isbn = {0769511198},
    doi = {10.1109/ICDM.2001.989560},
    issn = {15504786}
}

@article{Srivastava2015,
    title = {{Highway Networks}},
    year = {2015},
    journal = {arXiv preprint arXiv:1505.00387},
    author = {Srivastava, Rupesh Kumar and Greff, Klaus and Schmidhuber, Jürgen},
    url = {http://arxiv.org/abs/1505.00387},
    arxivId = {1505.00387}
}

@article{VAEHyperspherical,
    title = {{Hyperspherical Variational Auto-Encoders}},
    year = {2018},
    journal = {34th Conference on Uncertainty in Artificial Intelligence (UAI-18)},
    author = {Davidson, Tim R and Falorsi, Luca and De Cao, Nicola and Kipf, Thomas and Tomczak, Jakub M},
    url = {https://arxiv.org/abs/1804.00891}
}

@article{IDF++,
    title = {{IDF++: Analyzing and Improving Integer Discrete Flows for Lossless Compression}},
    year = {2020},
    journal = {arXiv preprint arXiv:2006.12459v1},
    author = {van den Berg, Rianne and Gritsenko, Alexey A. and Dehghani, Mostafa and S{\o}nderby, Casper Kaae and Salimans, Tim},
    url = {http://arxiv.org/abs/2006.12459},
    arxivId = {2006.12459}
}

@book{He2013,
    title = {{Imbalanced Learning: foundations, algorithms, and applications}},
    year = {2013},
    author = {He, Haibo and Ma, Yunqian},
    publisher = {John Wiley {\&} Sons},
    url = {http://www.wiley.com/go/permission.}
}

@article{Schulz2009,
    title = {{Implementation of First-Order Theorem Provers}},
    year = {2009},
    journal = {Summer School 2009: Verification Technology, Systems {\&} Applications},
    author = {Schulz, Stephan},
    url = {http://wwwlehre.dhbw-stuttgart.de/~sschulz/PAPERS/Schulz-VTSA-2009.pdf http://wwwlehre.dhbw-stuttgart.de/~sschulz/bibliography.html}
}

@article{ImportanceWeightedVAE,
    title = {{Importance weighted autoencoders}},
    year = {2016},
    journal = {4th International Conference on Learning Representations, ICLR 2016 - Conference Track Proceedings},
    author = {Burda, Yuri and Grosse, Roger and Salakhutdinov, Ruslan},
    pages = {1--14},
    arxivId = {1509.00519}
}

@article{ImprovedGumbelSoftmax,
    title = {{IMPROVED GRADIENT ESTIMATORS FOR STOCHASTIC DISCRETE VARIABLES}},
    year = {2019},
    author = {Bi, Kaifeng},
    pages = {1--13},
    arxivId = {arXiv:1910.11831v2}
}

@article{Tai2015,
    title = {{Improved Semantic Representations From Tree-Structured Long Short-Term Memory Networks}},
    year = {2015},
    journal = {arXiv preprint arXiv:1503.00075},
    author = {Tai, Kai Sheng and Socher, Richard and Manning, Christopher D.},
    url = {http://arxiv.org/abs/1503.00075},
    isbn = {9781941643723},
    doi = {10.1515/popets-2015-0023},
    issn = {9781941643723},
    pmid = {18267787},
    arxivId = {1503.00075}
}

@incollection{GANIssues,
    title = {{Improved Techniques for Training GANs}},
    year = {2016},
    booktitle = {Advances in Neural Information Processing Systems 29},
    author = {Salimans, Tim and Goodfellow, Ian and Zaremba, Wojciech and Cheung, Vicki and Radford, Alec and Chen, Xi and Chen, Xi},
    editor = {Lee, D D and Sugiyama, M and Luxburg, U V and Guyon, I and Garnett, R},
    pages = {2234--2242},
    publisher = {Curran Associates, Inc.},
    url = {http://papers.nips.cc/paper/6125-improved-techniques-for-training-gans.pdf}
}

@article{InverseAutoregressiveFlows,
    title = {{Improved variational inference with inverse autoregressive flow}},
    year = {2016},
    journal = {Advances in Neural Information Processing Systems},
    author = {Kingma, Diederik P. and Salimans, Tim and Jozefowicz, Rafal and Chen, Xi and Sutskever, Ilya and Welling, Max},
    pages = {4743--4751},
    volume = {29},
    url = {https://papers.nips.cc/paper/6581-improved-variational-inference-with-inverse-autoregressive-flow.pdf},
    issn = {10495258}
}

@inproceedings{NFReinforcementLearning2,
    title = {{Improving Exploration in Soft-Actor-Critic with Normalizing Flows Policies}},
    year = {2019},
    booktitle = {First workshop on Invertible Neural Networks and Normalizing Flows (ICML)},
    author = {Ward, Patrick Nadeem and Smofsky, Ariella and Bose, Avishek Joey},
    url = {http://arxiv.org/abs/1906.02771},
    address = {Long Beach, CA, USA},
    arxivId = {1906.02771}
}

@article{HouseholderFlows,
    title = {{Improving Variational Auto-Encoders using Householder Flow}},
    year = {2017},
    journal = {arXiv preprint arXiv:1611.09630v4},
    author = {Tomczak, Jakub M. and Welling, Max},
    url = {http://arxiv.org/abs/1611.09630},
    arxivId = {1611.09630}
}

@inproceedings{Szegedy2017,
    title = {{Inception-v4, Inception-ResNet and the Impact of Residual Connections on Learning}},
    year = {2017},
    booktitle = {Proceedings of the Thirty-First {\{}AAAI{\}} Conference on Artificial Intelligence},
    author = {Szegedy, Christian and Ioffe, Sergey and Vanhoucke, Vincent and Alemi, Alex},
    pages = {4278--4284},
    url = {http://arxiv.org/abs/1602.07261 http://aaai.org/ocs/index.php/AAAI/AAAI17/paper/view/14806},
    isbn = {0167-8655},
    doi = {10.1016/j.patrec.2014.01.008},
    issn = {01678655},
    pmid = {23064159},
    arxivId = {1602.07261}
}

@inproceedings{IntegerNF,
    title = {{Integer Discrete Flows and Lossless Compression}},
    year = {2019},
    booktitle = {Advances in Neural Information Processing Systems 32},
    author = {Hoogeboom, Emiel and Peters, Jorn W. T. and Berg, Rianne van den and Welling, Max},
    editor = {M. Wallach, Hanna and Larochelle, Hugo and Beygelzimer, Alina and D'Alche, Florence and B. Fox, Emily and Garnett, Roman},
    pages = {12134--12144},
    url = {http://arxiv.org/abs/1905.07376 http://papers.nips.cc/paper/9383-integer-discrete-flows-and-lossless-compression},
    address = {Vancouver, BC, Canada},
    arxivId = {1905.07376}
}

@inproceedings{InvertibleResNet,
    title = {{Invertible Residual Networks}},
    year = {2019},
    booktitle = {Proceedings of the 36th International Conference on Machine Learning},
    author = {Behrmann, Jens and Grathwohl, Will and Chen, Ricky T Q and Duvenaud, David and Jacobsen, Joern-Henrik},
    editor = {Chaudhuri, Kamalika and Salakhutdinov, Ruslan},
    pages = {573--582},
    series = {Proceedings of Machine Learning Research},
    volume = {97},
    publisher = {PMLR},
    url = {http://proceedings.mlr.press/v97/behrmann19a.html},
    address = {Long Beach, California, USA}
}

@article{JunctionTreeVAE,
    title = {{Junction tree variational autoencoder for molecular graph generation}},
    year = {2018},
    journal = {35th International Conference on Machine Learning, ICML 2018},
    author = {Jin, Wengong and Barzilay, Regina and Jaakkola, Tbmmi},
    pages = {3632--3648},
    volume = {5},
    url = {https://arxiv.org/pdf/1802.04364.pdf},
    isbn = {9781510867963},
    arxivId = {1802.04364}
}

@article{kGANs,
    title = {{k-GANs : Ensemble of Generative Models with Semi-Discrete Optimal Transport}},
    year = {2019},
    journal = {Computing Research Repository},
    author = {Ambrogioni, Luca},
    number = {arXiv:1907.04050, Version 1},
    arxivId = {arXiv:1907.04050v1}
}

@article{GPT3,
    title = {{Language models are few-shot learners}},
    year = {2020},
    journal = {arXiv preprint arXiv:2005.14165v1},
    author = {Brown, Tom B and Mann, Benjamin and Ryder, Nick and Subbiah, Melanie and Kaplan, Jared and Dhariwal, Prafulla and Neelakantan, Arvind and Shyam, Pranav and Sastry, Girish and Askell, Amanda and {others}},
    url = {https://arxiv.org/abs/2005.14165}
}

@article{GPT2,
    title = {{Language Models are Unsupervised Multitask Learners}},
    year = {2019},
    journal = {Technical report, OpenAI},
    author = {Radford, Alec and Wu, Jeffrey and Child, Rewon and Luan, David and Amodei, Dario and Sutskever, Ilya},
    url = {https://d4mucfpksywv.cloudfront.net/better-language-models/language_models_are_unsupervised_multitask_learners.pdf}
}

@inproceedings{BigGAN,
    title = {{Large Scale GAN Training for High Fidelity Natural Image Synthesis}},
    year = {2019},
    booktitle = {International Conference on Learning Representations},
    author = {Brock, Andrew and Donahue, Jeff and Simonyan, Karen},
    url = {https://openreview.net/forum?id=B1xsqj09Fm}
}

@article{text8,
    title = {{Large text compression benchmark}},
    year = {2011},
    journal = {Benchmark published at http://mattmahoney.net/dc/text.html},
    author = {Mahoney, Matt},
    url = {http://mattmahoney.net/dc/text.html}
}

@inproceedings{SemiDiscreteNFSequence,
    title = {{Latent Normalizing Flows for Discrete Sequences}},
    year = {2019},
    booktitle = {Proceedings of the 36th International Conference on Machine Learning},
    author = {Ziegler, Zachary M. and Rush, Alexander M.},
    editor = {Chaudhuri, Kamalika and Salakhutdinov, Ruslan},
    pages = {7673--7682},
    volume = {97},
    publisher = {PMLR},
    url = {http://arxiv.org/abs/1901.10548 http://proceedings.mlr.press/v97/ziegler19a.html},
    address = {Long Beach, California, USA},
    arxivId = {1901.10548}
}

@inproceedings{Kiritchenko2006,
    title = {{Learning and Evaluation in the Presence of Class Hierarchies: Application to Text Categorization}},
    year = {2006},
    booktitle = {Conference of the Canadian Society for Computational Studies of Intelligence},
    author = {Kiritchenko, Svetlana and Canada, Council and Nock, Richard and Famili, Fazel},
    pages = {395--406},
    publisher = {Springer},
    url = {http://link.springer.com/10.1007/11766247},
    address = {Berlin, Heidelberg},
    isbn = {978-3-540-34628-9},
    doi = {10.1007/11766247}
}

@article{Noh2015,
    title = {{Learning deconvolution network for semantic segmentation}},
    year = {2015},
    journal = {Proceedings of the IEEE International Conference on Computer Vision},
    author = {Noh, Hyeonwoo and Hong, Seunghoon and Han, Bohyung},
    pages = {1520--1528},
    isbn = {9781467383912},
    doi = {10.1109/ICCV.2015.178},
    issn = {15505499},
    pmid = {16190471},
    arxivId = {1505.04366}
}

@article{GraphRNNDeep,
    title = {{Learning deep generative models of graphs}},
    year = {2018},
    journal = {arXiv preprint arXiv:1803.03324},
    author = {Li, Yujia and Vinyals, Oriol and Dyer, Chris and Pascanu, Razvan and Battaglia, Peter},
    url = {https://arxiv.org/pdf/1803.03324}
}

@article{EmielDequantization,
    title = {{Learning Discrete Distributions by Dequantization}},
    year = {2020},
    journal = {arXiv preprint arXiv:2001.11235v1},
    author = {Hoogeboom, Emiel and Cohen, Taco S. and Tomczak, Jakub M.},
    url = {http://arxiv.org/abs/2001.11235},
    arxivId = {2001.11235}
}

@inproceedings{Haixiang2017,
    title = {{Learning from class-imbalanced data: Review of methods and applications}},
    year = {2017},
    booktitle = {Expert Systems with Applications},
    author = {Haixiang, Guo and Yijing, Li and Shang, Jennifer and Mingyun, Gu and Yuanyue, Huang and Bing, Gong},
    pages = {220--239},
    volume = {73},
    publisher = {Elsevier Ltd},
    url = {http://dx.doi.org/10.1016/j.eswa.2016.12.035},
    doi = {10.1016/j.eswa.2016.12.035},
    issn = {09574174},
    keywords = {Data mining, Imbalanced data, Machine learning, Rare events}
}

@article{Krawczyk2016,
    title = {{Learning from imbalanced data: open challenges and future directions}},
    year = {2016},
    journal = {Progress in Artificial Intelligence},
    author = {Krawczyk, Bartosz},
    number = {4},
    pages = {221--232},
    volume = {5},
    publisher = {Springer Berlin Heidelberg},
    url = {http://link.springer.com/10.1007/s13748-016-0094-0},
    doi = {10.1007/s13748-016-0094-0},
    issn = {2192-6352},
    keywords = {Machine learning,Imbalanced data,Multi-class imbal, big data, data streams, imbalanced clustering, imbalanced data, imbalanced regression, machine learning, multi-class imbalance}
}

@article{Backprop,
    title = {{Learning representations by back-propagating errors}},
    year = {1986},
    journal = {Nature},
    author = {Rumelhart, David E. and Hinton, Geoffrey E. and Williams, Ronald J.},
    number = {6088},
    pages = {533--536},
    volume = {323},
    isbn = {0262661160},
    doi = {10.1038/323533a0},
    issn = {00280836},
    pmid = {134},
    arxivId = {arXiv:1011.1669v3}
}

@article{LSTM,
    title = {{Long Short-Term Memory}},
    year = {1997},
    journal = {Neural Computation},
    author = {Hochreiter, Sepp and Schmidhuber, Jürgen},
    number = {8},
    pages = {1735--1780},
    volume = {9},
    url = {https://www.bioinf.jku.at/publications/older/2604.pdf}
}

@phdthesis{Bridge2010,
    title = {{Machine learning and automated theorem proving}},
    year = {2010},
    author = {Bridge, James P},
    url = {http://www.cl.cam.ac.uk/techreports/UCAM-CL-TR-792.pdf},
    school = {University of Cambridge, Computer Laboratory}
}

@incollection{MaskedAutoregressiveFlow,
    title = {{Masked Autoregressive Flow for Density Estimation}},
    year = {2017},
    booktitle = {Advances in Neural Information Processing Systems 30},
    author = {Papamakarios, George and Pavlakou, Theo and Murray, Iain},
    editor = {Guyon, I and Luxburg, U V and Bengio, S and Wallach, H and Fergus, R and Vishwanathan, S and Garnett, R},
    pages = {2338--2347},
    publisher = {Curran Associates, Inc.},
    url = {http://papers.nips.cc/paper/6828-masked-autoregressive-flow-for-density-estimation.pdf}
}

@inproceedings{RGCN,
    title = {{Modeling Relational Data with Graph Convolutional Networks}},
    year = {2018},
    booktitle = {The Semantic Web},
    author = {Schlichtkrull, Michael and Kipf, Thomas N and Bloem, Peter and van den Berg, Rianne and Titov, Ivan and Welling, Max},
    editor = {Gangemi, Aldo and Navigli, Roberto and Vidal, Maria-Esther and Hitzler, Pascal and Troncy, Raphaël and Hollink, Laura and Tordai, Anna and Alam, Mehwish},
    pages = {593--607},
    publisher = {Springer International Publishing},
    url = {https://arxiv.org/pdf/1703.06103.pdf},
    address = {Cham},
    isbn = {978-3-319-93417-4}
}

@article{MosesDataset,
    title = {{Molecular Sets (MOSES): A Benchmarking Platform for Molecular Generation Models}},
    year = {2018},
    journal = {arXiv preprint arXiv:1811.12823v3},
    author = {Polykovskiy, Daniil and Zhebrak, Alexander and Sanchez-Lengeling, Benjamin and Golovanov, Sergey and Tatanov, Oktai and Belyaev, Stanislav and Kurbanov, Rauf and Artamonov, Aleksey and Aladinskiy, Vladimir and Veselov, Mark and Kadurin, Artur and Johansson, Simon and Chen, Hongming and Nikolenko, Sergey and Aspuru-Guzik, Alan and Zhavoronkov, Alex},
    pages = {1--17},
    url = {http://arxiv.org/abs/1811.12823},
    arxivId = {1811.12823}
}

@article{MolecularRNN,
    title = {{MolecularRNN: Generating realistic molecular graphs with optimized properties}},
    year = {2019},
    journal = {arXiv preprint arXiv:1905.13372v1},
    author = {Popova, Mariya and Shvets, Mykhailo and Oliva, Junier and Isayev, Olexandr},
    url = {http://arxiv.org/abs/1905.13372},
    arxivId = {1905.13372}
}

@article{MolGAN,
    title = {{MolGAN: An implicit generative model for small molecular graphs}},
    year = {2018},
    journal = {ICML 2018 workshop on Theoretical Foundations and Applications of Deep Generative Models},
    author = {De Cao, Nicola and Kipf, Thomas}
}

@inproceedings{Kendall2018,
    title = {{Multi-Task Learning Using Uncertainty to Weigh Losses for Scene Geometry and Semantics}},
    year = {2018},
    booktitle = {Proceedings of the IEEE Conference on Computer Vision and Pattern Recognition ({\{}CVPR{\}})},
    author = {Kendall, Alex and Gal, Yarin and Cipolla, Roberto},
    url = {http://arxiv.org/abs/1705.07115},
    doi = {10.1109/CVPR.2018.00781},
    arxivId = {1705.07115}
}

@inproceedings{VQVAE,
    title = {{Neural discrete representation learning}},
    year = {2017},
    booktitle = {Advances in Neural Information Processing Systems},
    author = {Van Den Oord, Aaron and Vinyals, Oriol and Kavukcuoglu, Koray},
    editor = {Guyon, I. and Luxburg, U.V. and Bengio, S. and Wallach, H. and Fergus, R. and Vishwanathan, S. and Garnett, R.},
    pages = {6306--6315},
    volume = {30},
    publisher = {Curran Associates, Inc.},
    url = {https://papers.nips.cc/paper/7210-neural-discrete-representation-learning.pdf},
    issn = {10495258},
    arxivId = {arXiv:1711.00937v2}
}

@inproceedings{NeuralSplineFlows,
    title = {{Neural Spline Flows}},
    year = {2019},
    booktitle = {Advances in Neural Information Processing Systems},
    author = {Durkan, Conor and Bekasov, Artur and Murray, Iain and Papamakarios, George},
    pages = {7509--7520},
    url = {http://arxiv.org/abs/1906.04032},
    arxivId = {1906.04032}
}

@article{NoiseModelsImages,
    title = {{Noise models in digital image processing}},
    year = {2015},
    journal = {Signal {\&} Image processing: An International Journal (SIPIJ)},
    author = {Lone, Aamir Hamid and Siddiqui, Arsheen Neda},
    number = {2},
    volume = {6},
    doi = {10.5958/2455-7110.2018.00010.1},
    issn = {0975-9638}
}

@article{NormalizingFlowsOverview2,
    title = {{Normalizing Flows for Probabilistic Modeling and Inference}},
    year = {2019},
    journal = {arXiv preprint arXiv:1912.02762v1},
    author = {Papamakarios, George and Nalisnick, Eric and Rezende, Danilo Jimenez and Mohamed, Shakir and Lakshminarayanan, Balaji},
    pages = {1--60},
    url = {http://arxiv.org/abs/1912.02762},
    arxivId = {1912.02762}
}

@article{NormalizingFlowsOverview,
    title = {{Normalizing Flows: Introduction and Ideas}},
    year = {2019},
    journal = {arXiv preprint arXiv:1908.09257v1},
    author = {Kobyzev, Ivan and Prince, Simon and Brubaker, Marcus A.},
    url = {http://arxiv.org/abs/1908.09257},
    arxivId = {1908.09257}
}

@article{NVAE,
    title = {{NVAE: A Deep Hierarchical Variational Autoencoder}},
    year = {2020},
    journal = {arXiv preprint arXiv:2007.03898v1},
    author = {Vahdat, Arash and Kautz, Jan},
    pages = {1--12},
    url = {http://arxiv.org/abs/2007.03898},
    arxivId = {2007.03898}
}

@inproceedings{RAdam,
    title = {{On the Variance of the Adaptive Learning Rate and Beyond}},
    year = {2020},
    booktitle = {International Conference on Learning Representations},
    author = {Liu, Liyuan and Jiang, Haoming and He, Pengcheng and Chen, Weizhu and Liu, Xiaodong and Gao, Jianfeng and Han, Jiawei},
    url = {http://arxiv.org/abs/1908.03265},
    arxivId = {1908.03265}
}

@inproceedings{Rahman2016,
    title = {{Optimizing Intersection-Over-Union in Deep Neural Networks for Image Segmentation}},
    year = {2016},
    booktitle = {International Symposium on Visual Computing},
    author = {Rahman, Atiqur and Wang, Yang},
    pages = {234--244},
    publisher = {Springer},
    url = {http://www.cs.umanitoba.ca/~ywang/papers/isvc16.pdf}
}

@inproceedings{OrderMatters,
    title = {{Order Matters: Sequence to sequence for sets}},
    year = {2016},
    booktitle = {4th International Conference on Learning Representations, ICLR 2016, San Juan, Puerto Rico, May 2-4, 2016, Conference Track Proceedings},
    author = {Vinyals, Oriol and Bengio, Samy and Kudlur, Manjunath},
    editor = {Bengio, Yoshua and LeCun, Yann},
    url = {http://arxiv.org/abs/1511.06391}
}

@inproceedings{Socher2011,
    title = {{Parsing natural scenes and natural language with recursive neural networks}},
    year = {2011},
    booktitle = {Proceedings of the 28th international conference on machine learning (ICML-11)},
    author = {Socher, R and Lin, Cc},
    pages = {129--136},
    url = {http://machinelearning.wustl.edu/mlpapers/paper_files/ICML2011Socher_125.pdf},
    isbn = {9781450306195},
    doi = {10.1007/978-3-540-87479-9},
    issn = {<null>},
    pmid = {22183238},
    arxivId = {arXiv:1207.6324}
}

@article{PermInvarScoreGNN,
    title = {{Permutation Invariant Graph Generation via Score-Based Generative Modeling}},
    year = {2020},
    journal = {Computing Research Repository},
    author = {Niu, Chenhao and Song, Yang and Song, Jiaming and Zhao, Shengjia and Grover, Aditya and Ermon, Stefano},
    number = {arXiv:2003.00638, Version 1},
    url = {http://arxiv.org/abs/2003.00638},
    arxivId = {2003.00638}
}

@inproceedings{PixelRNN,
    title = {{Pixel Recurrent Neural Networks}},
    year = {2016},
    booktitle = {Proceedings of the 33rd International Conference on Machine Learning},
    author = {Van Den Oord, Aäron and Kalchbrenner, Nal and Kavukcuoglu, Koray},
    pages = {1747--1756},
    series = {ICML'16},
    volume = {48},
    publisher = {JMLR.org},
    url = {http://dl.acm.org/citation.cfm?id=3045390.3045575}
}

@article{PixelCNN++,
    title = {{PixelCNN++: Improving the PixelCNN with Discretized Logistic Mixture Likelihood and Other Modifications}},
    year = {2017},
    journal = {Computing Research Repository},
    author = {Salimans, Tim and Karpathy, Andrej and Chen, Xi and Kingma, Diederik P.},
    number = {arXiv:1701.05517, Version 1},
    url = {http://arxiv.org/abs/1701.05517},
    arxivId = {1701.05517}
}

@inproceedings{PixelSNAIL,
    title = {{PixelSNAIL: An Improved Autoregressive Generative Model}},
    year = {2018},
    booktitle = {Proceedings of the 35th International Conference on Machine Learning},
    author = {Chen, Xi and Mishra, Nikhil and Rohaninejad, Mostafa and Abbeel, Pieter},
    editor = {Dy, Jennifer and Krause, Andreas},
    pages = {864--872},
    series = {Proceedings of Machine Learning Research},
    volume = {80},
    publisher = {PMLR},
    url = {http://proceedings.mlr.press/v80/chen18h.html},
    address = {Stockholmsm{\"{a}}ssan, Stockholm Sweden}
}

@inproceedings{Wikitext,
    title = {{Pointer Sentinel Mixture Models}},
    year = {2017},
    booktitle = {5th International Conference on Learning Representations, ICLR 2017, Toulon, France, April 24-26, 2017, Conference Track Proceedings},
    author = {Merity, Stephen and Xiong, Caiming and Bradbury, James and Socher, Richard},
    publisher = {OpenReview.net},
    url = {https://openreview.net/forum?id=Byj72udxe}
}

@inproceedings{Zhao2017,
    title = {{Pyramid scene parsing network}},
    year = {2017},
    booktitle = {Proceedings - 30th IEEE Conference on Computer Vision and Pattern Recognition, CVPR 2017},
    author = {Zhao, Hengshuang and Shi, Jianping and Qi, Xiaojuan and Wang, Xiaogang and Jia, Jiaya},
    pages = {6230--6239},
    isbn = {9781538604571},
    doi = {10.1109/CVPR.2017.660},
    issn = {0162-8828},
    pmid = {28463186},
    arxivId = {1612.01105}
}

@incollection{PyTorch,
    title = {{PyTorch: An Imperative Style, High-Performance Deep Learning Library}},
    year = {2019},
    booktitle = {Advances in Neural Information Processing Systems 32},
    author = {Paszke, Adam and Gross, Sam and Massa, Francisco and Lerer, Adam and Bradbury, James and Chanan, Gregory and Killeen, Trevor and Lin, Zeming and Gimelshein, Natalia and Antiga, Luca and Desmaison, Alban and Kopf, Andreas and Yang, Edward and DeVito, Zachary and Raison, Martin and Tejani, Alykhan and Chilamkurthy, Sasank and Steiner, Benoit and Fang, Lu and Bai, Junjie and Chintala, Soumith},
    editor = {Wallach, H and Larochelle, H and Beygelzimer, A and d' Alch{\'{e}}-Buc, F and Fox, E and Garnett, R},
    pages = {8024--8035},
    publisher = {Curran Associates, Inc.},
    url = {http://papers.neurips.cc/paper/9015-pytorch-an-imperative-style-high-performance-deep-learning-library.pdf}
}

@article{QM9,
    title = {{Quantum chemistry structures and properties of 134 kilo molecules}},
    year = {2014},
    journal = {Scientific Data},
    author = {Ramakrishnan, Raghunathan and Dral, Pavlo O and Rupp, Matthias and von Lilienfeld, O Anatole},
    number = {1},
    pages = {140022},
    volume = {1},
    url = {https://doi.org/10.1038/sdata.2014.22},
    doi = {10.1038/sdata.2014.22},
    issn = {2052-4463}
}

@inproceedings{SoftmaxSamplingBengio,
    title = {{Quick Training of Probabilistic Neural Nets by Importance Sampling}},
    year = {2003},
    booktitle = {Proceedings of the Ninth International Workshop on Artificial Intelligence and Statistics, {\{}AISTATS{\}}},
    author = {Bengio, Yoshua and Sen{\'{e}}cal, Jean-Sébastien},
    editor = {Bishop, Christopher M. and Frey, Brendan J.},
    pages = {1--9},
    publisher = {Society for Artificial Intelligence and Statistics},
    address = {Key West, Florida, USA},
    isbn = {9788578110796},
    doi = {10.1017/CBO9781107415324.004},
    issn = {1098-6596},
    pmid = {25246403},
    arxivId = {arXiv:1011.1669v3}
}

@inproceedings{SoftmaxSamplingBengiob,
    title = {{Quick Training of Probabilistic Neural Nets by Importance Sampling}},
    year = {2003},
    booktitle = {Proceedings of the Ninth International Workshop on Artificial Intelligence and Statistics, {\{}AISTATS{\}}},
    author = {Bengio, Yoshua and Sen{\'{e}}cal, Jean-Sébastien},
    editor = {Bishop, Christopher M and Frey, Brendan J},
    pages = {1--9},
    publisher = {Society for Artificial Intelligence and Statistics},
    address = {Key West, Florida, USA},
    isbn = {9788578110796},
    doi = {10.1017/CBO9781107415324.004},
    issn = {1098-6596},
    pmid = {25246403},
    arxivId = {arXiv:1011.1669v3}
}

@article{Nair2010,
    title = {{Rectified Linear Units Improve Restricted Boltzmann Machines}},
    year = {2010},
    journal = {Proceedings of the 27th International Conference on Machine Learning},
    author = {Nair, Vinod and Hinton, Geoffrey E},
    number = {3},
    pages = {807--814},
    isbn = {9781605589077},
    doi = {10.1.1.165.6419},
    issn = {1935-8237},
    pmid = {22404682},
    arxivId = {1111.6189v1}
}

@inproceedings{Lin2017,
    title = {{RefineNet: Multi-path refinement networks for high-resolution semantic segmentation}},
    year = {2017},
    booktitle = {Proceedings - 30th IEEE Conference on Computer Vision and Pattern Recognition, CVPR 2017},
    author = {Lin, Guosheng and Milan, Anton and Shen, Chunhua and Reid, Ian},
    pages = {5168--5177},
    volume = {2017-Janua},
    isbn = {9781538604571},
    doi = {10.1109/CVPR.2017.549},
    arxivId = {1611.06612}
}

@article{ReinterpretIWVAE,
    title = {{Reinterpreting importance-weighted autoencoders}},
    year = {2017},
    journal = {5th International Conference on Learning Representations, ICLR 2017 - Workshop Track Proceedings},
    author = {Cremer, Chris and Morris, Quaid and Duvenaud, David},
    pages = {1--8},
    arxivId = {1704.02916}
}

@inproceedings{Veit2016,
    title = {{Residual Networks Behave Like Ensembles of Relatively Shallow Networks}},
    year = {2016},
    booktitle = {Advances in Neural Information Processing Systems},
    author = {Veit, Andreas and Wilber, Michael and Belongie, Serge},
    editor = {Lee, D. D. and Sugiyama, M. and Luxburg, U. V. and Guyon, I. and Garnett, R.},
    pages = {550--558},
    publisher = {Curran Associates, Inc.},
    url = {http://arxiv.org/abs/1605.06431},
    issn = {10495258},
    arxivId = {1605.06431}
}

@inproceedings{Szegedy2016,
    title = {{Rethinking the Inception Architecture for Computer Vision}},
    year = {2016},
    booktitle = {Proceedings of the IEEE conference on computer vision and pattern recognition},
    author = {Szegedy, Christian and Vanhoucke, Vincent and Ioffe, Sergey and Shlens, Jonathon and Wojna, Zbigniew},
    pages = {2818--2826},
    url = {http://arxiv.org/abs/1512.00567},
    isbn = {978-1-4673-8851-1},
    doi = {10.1109/CVPR.2016.308},
    issn = {08866236},
    pmid = {8190083},
    arxivId = {1512.00567}
}

@inproceedings{Girshick2014,
    title = {{Rich Feature Hierarchies for Accurate Object Detection and Semantic Segmentation}},
    year = {2014},
    booktitle = {The IEEE Conference on Computer Vision and Pattern Recognition (CVPR)},
    author = {Girshick, Ross and Donahue, Jeff and Darrell, Trevor and Berkeley, U C and Malik, Jitendra},
    pages = {580--587},
    isbn = {978-1-4799-5118-5},
    doi = {10.1109/CVPR.2014.81},
    issn = {10636919},
    pmid = {26656583},
    arxivId = {1311.2524}
}

@inproceedings{UriaContPeaks,
    title = {{RNADE: The real-valued neural autoregressive density-estimator}},
    year = {2013},
    booktitle = {Advances in Neural Information Processing Systems},
    author = {Uria, Benigno and Murray, Iain and Larochellehugo, Hugo},
    pages = {2175--2183},
    volume = {26},
    url = {http://www.benignouria.com/en/research/papers/Uria2013.pdf},
    issn = {10495258},
    arxivId = {arXiv:1306.0186v2}
}

@inproceedings{ganzinger1996saturation,
    title = {{Saturation-based theorem proving}},
    year = {1996},
    booktitle = {International Colloquium on Automata, Languages, and Programming},
    author = {Ganzinger, Harald},
    pages = {1--3},
    organization = {Springer}
}

@inproceedings{SELU,
    title = {{Self-Normalizing Neural Networks}},
    year = {2017},
    booktitle = {Advances in Neural Information Processing Systems},
    author = {Klambauer, Günter and Unterthiner, Thomas and Mayr, Andreas and Hochreiter, Sepp},
    editor = {Guyon, I. and Luxburg, U. V. and Bengio, S. and Wallach, H. and Fergus, R. and Vishwanathan, S. and Garnett, R.},
    pages = {971--980},
    volume = {30},
    publisher = {Curran Associates, Inc.},
    url = {http://arxiv.org/abs/1706.02515 http://papers.nips.cc/paper/6698-self-normalizing-neural-networks.pdf},
    doi = {1706.02515},
    arxivId = {1706.02515}
}

@article{SemiDiscreteOptimalTransport,
    title = {{Semi-discrete optimal transport - the case p=1}},
    year = {2018},
    journal = {Computing Research Repository},
    author = {Hartmann, Valentin and Schuhmacher, Dominic},
    number = {arXiv:1706.07650, Version 2},
    url = {http://arxiv.org/abs/1706.07650},
    arxivId = {1706.07650},
    keywords = {and phrases, kantorovich problem, monge, spatial ressource alloca-, tion, wasserstein metric, weighted voronoi tesselation}
}

@incollection{VAESemiSupervised,
    title = {{Semi-supervised Learning with Deep Generative Models}},
    year = {2014},
    booktitle = {Advances in Neural Information Processing Systems 27},
    author = {Kingma, Durk P and Mohamed, Shakir and Jimenez Rezende, Danilo and Welling, Max},
    editor = {Ghahramani, Z and Welling, M and Cortes, C and Lawrence, N D and Weinberger, K Q},
    pages = {3581--3589},
    publisher = {Curran Associates, Inc.},
    url = {http://papers.nips.cc/paper/5352-semi-supervised-learning-with-deep-generative-models.pdf}
}

@inproceedings{HighwayGNN,
    title = {{Semi-supervised User Geolocation via Graph Convolutional Networks}},
    year = {2018},
    booktitle = {Proceedings of the 56th Annual Meeting of the Association for Computational Linguistics (Volume 1: Long Papers)},
    author = {Rahimi, Afshin and Cohn, Trevor and Baldwin, Timothy},
    month = {7},
    pages = {2009--2019},
    publisher = {Association for Computational Linguistics},
    url = {https://www.aclweb.org/anthology/P18-1187},
    address = {Melbourne, Australia},
    doi = {10.18653/v1/P18-1187}
}

@article{REINFORCE,
    title = {{Simple Statistical Gradient-Following Algorithms for Connectionist Reinforcement Learning}},
    year = {1992},
    journal = {Mach. Learn.},
    author = {Williams, Ronald J},
    number = {3–4},
    month = {5},
    pages = {229–256},
    volume = {8},
    publisher = {Kluwer Academic Publishers},
    url = {https://doi.org/10.1007/BF00992696},
    address = {USA},
    doi = {10.1007/BF00992696},
    issn = {0885-6125},
    keywords = {Reinforcement learning, connectionist networks, gradient descent, mathematical analysis}
}

@article{StochasticNF,
    title = {{Stochastic Normalizing Flows}},
    year = {2020},
    journal = {arXiv preprint arXiv:2002.06707v4},
    author = {Wu, Hao and K{\"{o}}hler, Jonas and No{\'{e}}, Frank},
    url = {http://arxiv.org/abs/2002.06707},
    arxivId = {2002.06707}
}

@article{mikolov2012subword,
    title = {{Subword language modeling with neural networks}},
    year = {2012},
    journal = {preprint (http://www.fit.vutbr.cz/imikolov/rnnlm/char. pdf)},
    author = {Mikolov, Tomáš and Sutskever, Ilya and Deoras, Anoop and Le, Hai-Son and Kombrink, Stefan and Cernocky, Jan},
    volume = {8},
    url = {http://www.fit.vutbr.cz/~imikolov/rnnlm/char.pdf}
}

@article{SurVAE,
    title = {{SurVAE Flows: Surjections to Bridge the Gap between VAEs and Flows}},
    year = {2020},
    journal = {arXiv preprint arXiv:2007.02731v1},
    author = {Nielsen, Didrik and Jaini, Priyank and Hoogeboom, Emiel and Winther, Ole and Welling, Max},
    pages = {1--26},
    url = {http://arxiv.org/abs/2007.02731},
    arxivId = {2007.02731}
}

@article{SylvesterNF,
    title = {{Sylvester normalizing flows for variational inference}},
    year = {2018},
    journal = {34th Conference on Uncertainty in Artificial Intelligence 2018, UAI 2018},
    author = {Van Den Berg, Rianne and Hasenclever, Leonard and Tomczak, Jakub M. and Welling, Max},
    pages = {393--402},
    volume = {1},
    url = {http://auai.org/uai2018/proceedings/papers/156.pdf},
    isbn = {9781510871601},
    arxivId = {arXiv:1803.05649v2}
}

@inproceedings{Tensorflow,
    title = {{TensorFlow: A System for Large-Scale Machine Learning TensorFlow: A system for large-scale machine learning}},
    year = {2016},
    booktitle = {12th USENIX Symposium on Operating Systems Design and Implementation (OSDI '16)},
    author = {Abadi, Martín and Barham, Paul and Chen, Jianmin and Chen, Zhifeng and Davis, Andy and Dean, Jeffrey and Devin, Matthieu and Ghemawat, Sanjay and Irving, Geoffrey and Isard, Michael and Kudlur, Manjunath and Levenberg, Josh and Monga, Rajat and Moore, Sherry and Murray, Derek G and Steiner, Benoit and Tucker, Paul and Vasudevan, Vijay and Warden, Pete and Wicke, Martin and Yu, Yuan and Zheng, Xiaoqiang and Brain, Google},
    pages = {265--284},
    url = {https://www.usenix.org/conference/osdi16/technical-sessions/presentation/abadi},
    isbn = {978-1-931971-33-1},
    doi = {10.1038/nn.3331},
    issn = {0270-6474},
    pmid = {16411492},
    arxivId = {1605.08695}
}

@article{GumbelSoftmax1,
    title = {{The Concrete Distribution: A Continuous Relaxation of Discrete Random Variables}},
    year = {2019},
    journal = {5th International Conference on Learning Representations, ICLR 2017 - Conference Track Proceedings},
    author = {Maddison, Chris J. and Mnih, Andriy and Teh, Yee Whye},
    pages = {1--20},
    url = {https://arxiv.org/abs/1611.00712},
    arxivId = {1611.00712}
}

@inproceedings{Stallkamp2011,
    title = {{The German Traffic Sign Recognition Benchmark: A multi-class classification competition}},
    year = {2011},
    booktitle = {Proceedings of the International Joint Conference on Neural Networks},
    author = {Stallkamp, Johannes and Schlipsing, Marc and Salmen, Jan and Igel, Christian},
    pages = {1453--1460},
    isbn = {9781457710865},
    doi = {10.1109/IJCNN.2011.6033395},
    issn = {2161-4393},
    pmid = {16190471},
    arxivId = {1302.1700}
}

@inproceedings{PennTreeBank,
    title = {{The Penn Treebank: Annotating Predicate Argument Structure}},
    year = {1994},
    booktitle = {Proceedings of the Workshop on Human Language Technology},
    author = {Marcus, Mitch and Kim, Grace and Marcinkiewicz, Mary Ann and MacIntyre, Robert and Bies, Ann and Ferguson, Mark and Katz, Karen and Schasberger, Britta},
    pages = {114--119},
    publisher = {Association for Computational Linguistics},
    url = {https://pdfs.semanticscholar.org/e82b/a0cffd6a19cb97c7fa63a51de4c40a4d6984.pdf},
    address = {Plainsboro, NJ},
    keywords = {nlp}
}

@article{VAEDeeperUnderstanding,
    title = {{Towards Deeper Understanding of Variational Autoencoding Models}},
    year = {2017},
    journal = {arXiv preprint arXiv:1702.08658v1},
    author = {Zhao, Shengjia and Song, Jiaming and Ermon, Stefano},
    url = {http://arxiv.org/abs/1702.08658},
    arxivId = {1702.08658}
}

@article{Lee2017,
    title = {{Training Confidence-calibrated Classifiers for Detecting Out-of-Distribution Samples}},
    year = {2017},
    journal = {CoRR},
    author = {Lee, Kimin and Lee, Honglak and Lee, Kibok and Shin, Jinwoo},
    pages = {1--16},
    volume = {abs/1711.0},
    url = {http://arxiv.org/abs/1711.09325},
    arxivId = {1711.09325}
}

@inproceedings{Meletis2018,
    title = {{Training of Convolutional Networks on Multiple Heterogeneous Datasets for Street Scene Semantic Segmentation}},
    year = {2018},
    booktitle = {IEEE Intelligent Vehicles Symposium (IV)},
    author = {Meletis, Panagiotis and Dubbelman, Gijs},
    publisher = {IEEE Computer Society},
    arxivId = {arXiv:1803.05675v1}
}

@article{Bogachev_2005,
    title = {{Triangular transformations of measures}},
    year = {2005},
    journal = {Sbornik: Mathematics},
    author = {Bogachev, Vladimir Igorevich and Kolesnikov, Aleksandr Viktorovich and Medvedev, Kirill Vladimirovich},
    number = {3},
    month = {4},
    pages = {309--335},
    volume = {196},
    publisher = {IOP Publishing},
    url = {https://doi.org/10.1070%2Fsm2005v196n03abeh000882},
    doi = {10.1070/sm2005v196n03abeh000882}
}

@inproceedings{Valentini2009,
    title = {{True Path Rule Hierarchical Ensembles}},
    year = {2009},
    booktitle = {Multiple Classifier Systems},
    author = {Valentini, Giorgio},
    editor = {Benediktsson, J{\'o}n Atli and and Kittler, Josef and and Roli, Fabio},
    pages = {232--241},
    publisher = {Springer Berlin Heidelberg},
    url = {http://link.springer.com/chapter/10.1007/3-540-45014-9_1%5Cnhttp://link.springer.com/10.1007/3-540-45014-9},
    isbn = {978-3-540-67704-8},
    doi = {10.1007/3-540-45014-9},
    issn = {03029743},
    pmid = {25246403},
    arxivId = {arXiv:1011.1669v3}
}

@inproceedings{VampPrior,
    title = {{VAE with a VampPrior}},
    year = {2018},
    booktitle = {International Conference on Artificial Intelligence and Statistics, AISTATS 2018, 9-11 April 2018, Playa Blanca, Lanzarote, Canary Islands, Spain},
    author = {Tomczak, Jakub M and Welling, Max},
    editor = {Storkey, Amos J and P{\'{e}}rez-Cruz, Fernando},
    pages = {1214--1223},
    series = {Proceedings of Machine Learning Research},
    volume = {84},
    publisher = {PMLR},
    url = {http://proceedings.mlr.press/v84/tomczak18a.html}
}

@inproceedings{Tamar2016,
    title = {{Value iteration networks}},
    year = {2016},
    booktitle = {Advances in Neural Information Processing Systems},
    author = {Tamar, Aviv and Wu, Yi and Thomas, Garrett and Levine, Sergey and Abbeel, Pieter},
    editor = {Lee, D. D. and Sugiyama, M. and Luxburg, U. V. and Guyon, I. and Garnett, R.},
    number = {29},
    pages = {2154--2162},
    publisher = {Curran Associates, Inc.},
    url = {http://papers.nips.cc/paper/6046-value-iteration-networks.pdf},
    isbn = {9780999241103},
    issn = {10450823},
    pmid = {172808},
    arxivId = {1602.02867}
}

@inproceedings{NormalizingFlowsFundamentals,
    title = {{Variational Inference with Normalizing Flows}},
    year = {2015},
    booktitle = {Proceedings of the 32nd International Conference on Machine Learning},
    author = {Rezende, Danilo Jimenez and Mohamed, Shakir},
    volume = {37},
    url = {http://proceedings.mlr.press/v37/rezende15.pdf},
    address = {Lille, France}
}

@inproceedings{Simonyan2014,
    title = {{Very Deep Convolutional Networks for Large-Scale Image Recognition}},
    year = {2014},
    booktitle = {International Conference on Learning Representations},
    author = {Simonyan, Karen and Zisserman, Andrew},
    pages = {1--14},
    url = {http://arxiv.org/abs/1409.1556},
    isbn = {0950-5849},
    doi = {10.1016/j.infsof.2008.09.005},
    issn = {09505849},
    pmid = {16873662},
    arxivId = {1409.1556}
}

@article{VFlow,
    title = {{VFlow: More Expressive Generative Flows with Variational Data Augmentation}},
    year = {2020},
    journal = {arXiv preprint arXiv:2002.09741v1},
    author = {Chen, Jianfei and Lu, Cheng and Chenli, Biqi and Zhu, Jun and Tian, Tian},
    url = {http://arxiv.org/abs/2002.09741},
    arxivId = {2002.09741}
}

@inproceedings{VisualizingConvNet,
    title = {{Visualizing and understanding convolutional networks}},
    year = {2014},
    booktitle = {European conference on computer vision},
    author = {Zeiler, Matthew D. and Fergus, Rob},
    pages = {818--833},
    volume = {8689 LNCS},
    publisher = {Springer},
    isbn = {9783319105895},
    doi = {10.1007/978-3-319-10590-1{\_}53},
    issn = {16113349},
    pmid = {26353135},
    arxivId = {1311.2901}
}

@inproceedings{Waveglow,
    title = {{Waveglow: A flow-based generative network for speech synthesis}},
    year = {2019},
    booktitle = {IEEE International Conference on Acoustics, Speech and Signal Processing (ICASSP)},
    author = {Prenger, Ryan and Valle, Rafael and Catanzaro, Bryan},
    pages = {3617--3621},
    publisher = {IEEE},
    url = {https://ieeexplore.ieee.org/document/8683143},
    isbn = {9781538646588}
}

@inproceedings{Schulz2017,
    title = {{We know (nearly) nothing! But can we learn?}},
    year = {2017},
    booktitle = {ARCADE 2017. 1st International Workshop on Automated Reasoning: Challenges, Applications, Directions, Exemplary Achievements},
    author = {Schulz, Stephan},
    editor = {Reger, Giles and Traytel, Dmitriy},
    pages = {29--32},
    publisher = {EasyChair},
    url = {https://easychair.org/publications/paper/6kgF},
    doi = {10.29007/n7rd}
}

@incollection{WeightNormalization,
    title = {{Weight Normalization: A Simple Reparameterization to Accelerate Training of Deep Neural Networks}},
    year = {2016},
    booktitle = {Advances in Neural Information Processing Systems 29},
    author = {Salimans, Tim and Kingma, Durk P},
    editor = {Lee, D D and Sugiyama, M and Luxburg, U V and Guyon, I and Garnett, R},
    pages = {901--909},
    publisher = {Curran Associates, Inc.},
    url = {http://papers.nips.cc/paper/6114-weight-normalization-a-simple-reparameterization-to-accelerate-training-of-deep-neural-networks.pdf}
}

@article{NormalizingFlowsOOD,
    title = {{Why Normalizing Flows Fail to Detect Out-of-Distribution Data}},
    year = {2020},
    journal = {arXiv preprint arXiv:2006.08545v1},
    author = {Kirichenko, Polina and Izmailov, Pavel and Wilson, Andrew Gordon},
    pages = {1--27},
    volume = {1},
    url = {http://arxiv.org/abs/2006.08545},
    arxivId = {2006.08545}
}

@inproceedings{Chollet2017,
    title = {{Xception: Deep Learning with Separable Convolutions}},
    year = {2017},
    booktitle = {Proceedings of the IEEE Conference on Computer Vision and Pattern Recognition (CVPR)},
    author = {Chollet, François},
    pages = {1800--1807},
    url = {https://arxiv.org/abs/1610.02357},
    isbn = {978-1-5386-0457-1},
    doi = {10.1109/CVPR.2017.195},
    issn = {1063-6919},
    arxivId = {1610.02357}
}

@inproceedings{YOLO9000,
    title = {{YOLO9000: Better, Faster, Stronger}},
    year = {2017},
    booktitle = {IEEE Conference on Computer Vision and Pattern Recognition (CVPR)},
    author = {Redmon, Joseph and Farhadi, Ali},
    pages = {6517--6525},
    url = {http://arxiv.org/abs/1612.08242 https://ieeexplore.ieee.org/document/8100173/},
    doi = {10.1109/CVPR.2017.690},
    arxivId = {1612.08242}
}

@article{Redmon2018,
    title = {{YOLOv3: An Incremental Improvement}},
    year = {2018},
    journal = {arXiv preprint arXiv:1804.02767},
    author = {Redmon, Joseph and Farhadi, Ali},
    month = {4},
    url = {http://arxiv.org/abs/1804.02767},
    arxivId = {1804.02767}
}

@article{Zinc250k,
    title = {{ZINC: A Free Tool to Discover Chemistry for Biology}},
    year = {2012},
    journal = {Journal of Chemical Information and Modeling},
    author = {Irwin, John J and Sterling, Teague and Mysinger, Michael M and Bolstad, Erin S and Coleman, Ryan G},
    number = {7},
    pages = {1757--1768},
    volume = {52},
    url = {https://doi.org/10.1021/ci3001277},
    doi = {10.1021/ci3001277}
}

@article{PonADetection,
    title = {{A Hierarchical Deep Architecture and Mini-Batch Selection Method For Joint Traffic Sign and Light Detection}},
    author = {Pon, Alex D and Andrienko, Oles and Harakeh, Ali and Waslander, Steven L},
    arxivId = {arXiv:1806.07987v1},
    keywords = {-object detection, autonomous driving, deep learning, traffic light, traffic sign}
}

@article{Robinson1965APrinciple,
    title = {{A Machine-Oriented Logic Based on the Resolution Principle}},
    year = {1965},
    journal = {J. ACM},
    author = {Robinson, J A},
    number = {1},
    month = {1},
    pages = {23--41},
    volume = {12},
    publisher = {ACM},
    url = {http://doi.acm.org/10.1145/321250.321253},
    address = {New York, NY, USA},
    doi = {10.1145/321250.321253},
    issn = {0004-5411}
}

@article{Merigot2011AHal-00604684,
    title = {{A multiscale approach to optimal transport To cite this version : HAL Id : hal-00604684}},
    year = {2011},
    author = {M{\'{e}}rigot, Quentin and M{\'{e}}rigot, Quentin and Forum, Graphics},
    number = {5},
    pages = {1584--1592},
    volume = {30}
}

@article{XieAggregatedNetworks,
    title = {{Aggregated Residual Transformations for Deep Neural Networks}},
    author = {Xie, Saining and Girshick, Ross and Doll, Piotr},
    arxivId = {arXiv:1611.05431v2}
}

@article{Cerri2015AnMeasures,
    title = {{an Extensive Evaluation of Decision Tree–Based Hierarchical Multilabel Classification Methods and Performance Measures}},
    year = {2015},
    journal = {Computational Intelligence},
    author = {Cerri, Ricardo and Pappa, Gisele L. and Carlos, André and Carvalho, P L F and Freitas, Alex A. and Carvalho, André Carlos P.L.F. and Freitas, Alex A.},
    number = {1},
    pages = {1--46},
    volume = {31},
    url = {http://onlinelibrary.wiley.com/doi/10.1111/coin.12011/full},
    doi = {10.1111/coin.12011},
    issn = {08247935},
    keywords = {10.1111/coin.12011 and hierarchical, classification, global and local approaches, hierarchical, multi-label, multilabel, performance measures}
}

@inproceedings{Madjarov2012AnLearning,
    title = {{An extensive experimental comparison of methods for multi-label learning}},
    year = {2012},
    booktitle = {Pattern Recognition},
    author = {Madjarov, Gjorgji and Kocev, Dragi and Gjorgjevikj, Dejan and D{\v{z}}eroski, Sašo},
    isbn = {1532-4435},
    doi = {10.1016/j.patcog.2012.03.004},
    issn = {00313203},
    pmid = {15930038},
    keywords = {Comparison of multi-label learning methods, Multi-label classification, Multi-label ranking}
}

@article{Zhang2018AnModel,
    title = {{An improved approach to infer protein-protein interaction based on a hierarchical vector space model}},
    year = {2018},
    journal = {BMC Bioinformatics},
    author = {Zhang, Jiongmin and Jia, Ke and Jia, Jinmeng and Qian, Ying},
    number = {1},
    pages = {1--9},
    volume = {19},
    doi = {10.1186/s12859-018-2152-z},
    issn = {14712105},
    keywords = {Functional similarity, Gene Ontology, Protein-protein interaction, Vector space model}
}

@article{Dupont2019AugmentedODEs,
    title = {{Augmented Neural ODEs}},
    year = {2019},
    journal = {Computing Research Repository},
    author = {Dupont, Emilien and Doucet, Arnaud and Teh, Yee Whye},
    number = {arXiv:1904.01681, Version 2},
    url = {http://arxiv.org/abs/1904.01681},
    arxivId = {1904.01681}
}

@article{Sarafianos2018DeepAggregation,
    title = {{Deep Imbalanced Attribute Classification using Visual Attention Aggregation}},
    year = {2018},
    author = {Sarafianos, Nikolaos and Kakadiaris, Ioannis A.},
    month = {7},
    url = {http://arxiv.org/abs/1807.03903},
    arxivId = {1807.03903}
}

@article{Sarafianos2018DeepAggregationb,
    title = {{Deep Imbalanced Attribute Classification using Visual Attention Aggregation}},
    year = {2018},
    author = {Sarafianos, Nikolaos and Kakadiaris, Ioannis A.},
    url = {https://arxiv.org/pdf/1807.03903.pdf},
    arxivId = {1807.03903},
    keywords = {Deep Imbalanced Learning, Visual At-tention, Visual Attributes}
}

@article{Higham2018DeepMathematicians,
    title = {{Deep Learning: An Introduction for Applied Mathematicians}},
    year = {2018},
    author = {Higham, Catherine F. and Higham, Desmond J.},
    pages = {1--39},
    url = {http://arxiv.org/abs/1801.05894},
    arxivId = {1801.05894}
}

@inproceedings{Loos2017DeepSearch,
    title = {{Deep Network Guided Proof Search}},
    year = {2017},
    booktitle = {Proc. 21st LPAR, Maun, Botswana},
    author = {Loos, Sarah and Irving, Geoffrey and Szegedy, Christian and Kaliszyk, Cezary},
    editor = {Eiter, Thomas and Sands, David},
    pages = {85--105},
    arxivId = {1701.06972}
}

@article{Lippe2018DeepIntelligence,
    title = {{Deep Reasoning - Hardware Accelerated Artificial Intelligence}},
    year = {2018},
    journal = {Deduktionstreffen 2018},
    author = {Lippe, Phillip and Schulz, Stephan}
}

@article{Huang2017DenselyNetworks,
    title = {{Densely Connected Convolutional Networks}},
    year = {2017},
    journal = {Proceedings of the IEEE Conference on Computer Vision and Pattern Recognition (CVPR)},
    author = {Huang, G and Liu, Z and v. d. Maaten, L and Weinberger, K Q},
    number = {2},
    pages = {2261--2269},
    volume = {1},
    isbn = {978-1-5386-0457-1},
    doi = {10.1109/CVPR.2017.243},
    issn = {1063-6919},
    pmid = {211888},
    arxivId = {arXiv:1608.06993v1},
    keywords = {convolution, feedforward neural nets, learning (arti}
}

@article{Denzinger1997DISCOUNT:Prover,
    title = {{DISCOUNT: A Distributed and Learning Equational Prover}},
    year = {1997},
    journal = {Journal of Automated Reasoning},
    author = {Denzinger, Jörg and Kronenburg, Martin and Schulz, Stephan},
    pages = {189--198},
    volume = {18},
    url = {https://rd.springer.com/article/10.1023/A:1005879229581}
}

@article{Schulz2002EProver,
    title = {{E - A Brainiac Theorem Prover}},
    year = {2002},
    journal = {AI Communications},
    author = {Schulz, Stephan},
    pages = {111--126},
    volume = {15}
}

@article{Kosmopoulos2013EvaluationApproaches,
    title = {{Evaluation Measures for Hierarchical Classification: a unified view and novel approaches}},
    year = {2013},
    author = {Kosmopoulos, Aris and Partalas, Ioannis and Gaussier, Eric and Paliouras, Georgios and Androutsopoulos, Ion},
    month = {6},
    url = {http://arxiv.org/abs/1306.6802 http://dx.doi.org/10.1007/s10618-014-0382-x},
    doi = {10.1007/s10618-014-0382-x},
    arxivId = {1306.6802}
}

@article{Grathwohl2019FFJORDODELS,
    title = {{FFJORD : F REE - FORM C ONTINUOUS D YNAMICS S CALABLE R EVERSIBLE G ENERATIVE M ODELS}},
    year = {2019},
    author = {Grathwohl, Will and Chen, Ricky T Q and Bettencourt, Jesse and Sutskever, Ilya and Duvenaud, David},
    pages = {1--13}
}

@book{Fitting1996First-OrderProving,
    title = {{First-Order Logic and Automated Theorem Proving}},
    year = {1996},
    author = {Fitting, Melving},
    editor = {Gries, David and Schneider, Fred B.},
    edition = {2},
    publisher = {Springer, New York, NY},
    isbn = {978-1-4612-7515-2},
    doi = {https://doi.cir-mcs.e.corpintra.net/10.1007/978-1-4612-2360-3}
}

@inproceedings{Lin2017FocalDetection,
    title = {{Focal Loss for Dense Object Detection}},
    year = {2017},
    booktitle = {Proceedings of the IEEE International Conference on Computer Vision},
    author = {Lin, Tsung Yi and Goyal, Priya and Girshick, Ross and He, Kaiming and Dollar, Piotr},
    isbn = {9781538610329},
    doi = {10.1109/ICCV.2017.324},
    issn = {15505499},
    pmid = {23766329},
    arxivId = {1708.02002}
}

@article{Goodfellow2014GenerativeNets,
    title = {{Generative Adversarial Nets}},
    year = {2014},
    journal = {Advances in Neural Information Processing Systems 27},
    author = {Goodfellow, Ian and Pouget-Abadie, Jean and Mirza, Mehdi and Xu, Bing and Warde-Farley, David and Ozair, Sherjil and Courville, Aaron and Bengio, Yoshua},
    pages = {2672--2680},
    url = {http://papers.nips.cc/paper/5423-generative-adversarial-nets.pdf},
    isbn = {1406.2661},
    doi = {10.1017/CBO9781139058452},
    issn = {10495258},
    pmid = {1000183096},
    arxivId = {arXiv:1406.2661v1}
}

@article{Kautz2017GenericMulticlass-classifiers,
    title = {{Generic performance measure for multiclass-classifiers}},
    year = {2017},
    journal = {Pattern Recognition},
    author = {Kautz, Thomas and Eskofier, Bjoern M. and Pasluosta, Cristian F.},
    pages = {111--125},
    volume = {68},
    publisher = {Elsevier Ltd},
    url = {http://dx.doi.org/10.1016/j.patcog.2017.03.008},
    doi = {10.1016/j.patcog.2017.03.008},
    issn = {00313203},
    keywords = {Accuracy, Classification, Evaluation, Model selection, Multiclass, Performance}
}

@inproceedings{Lemos2020GraphProblems,
    title = {{Graph Colouring Meets Deep Learning: Effective Graph Neural Network Models for Combinatorial Problems}},
    year = {2020},
    booktitle = {IEEE 31st International Conference Artificial Intelligence},
    author = {Lemos, Henrique and Prates, Marcelo and Avelar, Pedro and Lamb, Luis},
    pages = {879--885},
    doi = {10.1109/ictai.2019.00125},
    arxivId = {1903.04598}
}

@article{Wu2017HierarchicalClassification,
    title = {{Hierarchical loss for classification}},
    year = {2017},
    author = {Wu, Cinna and Tygert, Mark and LeCun, Yann},
    url = {http://arxiv.org/abs/1709.01062},
    arxivId = {1709.01062},
    keywords = {and phrases, classifier, hierarchy, ontology, taxonomy, tree}
}

@article{Zhou2016HierarchicalDetection,
    title = {{Hierarchical Semantic Classi fi cation and Attribute Relations Analysis with Clothing Region Detection}},
    year = {2016},
    author = {Zhou, Jingjin and Zhou, Zhengzhong and Zhang, Liqing},
    pages = {429--435},
    isbn = {9789811015366},
    doi = {10.1007/978-981-10-1536-6},
    keywords = {clothing detection hierarchical semantic, network, tions analysis deep neural}
}

@article{Ma2015HierarchicalFusion,
    title = {{Hierarchical traffic sign recognition based on multi-feature and multi-classifier fusion}},
    year = {2015},
    author = {Ma, Yunxiang and Huang, Linlin},
    number = {Iset},
    pages = {4--7},
    keywords = {multi-classifier fusion, multi-feature fusion, traffic sign recognition}
}

@inproceedings{Krizhevsky2012ImageNetNetworks,
    title = {{ImageNet Classification with Deep Convolutional Neural Networks}},
    year = {2012},
    booktitle = {Advances In Neural Information Processing Systems (NIPS)},
    author = {Krizhevsky, Alex and Sutskever, Ilya and Hinton, Geoffrey E},
    pages = {1--9},
    isbn = {9781627480031},
    doi = {http://dx.doi.org/10.1016/j.protcy.2014.09.007},
    issn = {10495258},
    pmid = {7491034},
    arxivId = {1102.0183}
}

@inproceedings{JiaDeng2009ImageNet:Database,
    title = {{ImageNet: A large-scale hierarchical image database}},
    year = {2009},
    booktitle = {2009 IEEE Conference on Computer Vision and Pattern Recognition},
    author = {{Jia Deng} and {Wei Dong} and Socher, R. and {Li-Jia Li} and {Kai Li} and {Li Fei-Fei}},
    pages = {248--255},
    url = {http://ieeexplore.ieee.org/lpdocs/epic03/wrapper.htm?arnumber=5206848},
    isbn = {978-1-4244-3992-8},
    doi = {10.1109/CVPRW.2009.5206848},
    issn = {1063-6919},
    pmid = {21914436}
}

@article{Collier2018ImplementingMachines,
    title = {{Implementing Neural Turing Machines}},
    year = {2018},
    author = {Collier, Mark and Beel, Joeran},
    pages = {1--10},
    arxivId = {arXiv:1807.08518v1},
    keywords = {memory augmented neural net-, neural turing machines}
}

@article{Santambrogio2014IntroductionTheory,
    title = {{Introduction to optimal transport theory}},
    year = {2014},
    journal = {Optimal Transportation: Theory and Applications},
    author = {Santambrogio, Filippo},
    pages = {3--21},
    isbn = {9781107297296},
    doi = {10.1017/CBO9781107297296.002},
    arxivId = {arXiv:1009.3856v1},
    keywords = {distances, existence, kantorovich potential, linear programming, monge problem, monge-amp, transport equation, wasserstein}
}

@article{Behrmann2018InvertibleNetworks,
    title = {{Invertible Residual Networks}},
    year = {2018},
    author = {Behrmann, Jens and Grathwohl, Will and Chen, Ricky T. Q. and Duvenaud, David and Jacobsen, Jörn-Henrik},
    url = {http://arxiv.org/abs/1811.00995},
    arxivId = {1811.00995}
}

@article{Deng2014Large-scaleGraphs,
    title = {{Large-scale object classification using label relation graphs}},
    year = {2014},
    journal = {Lecture Notes in Computer Science (including subseries Lecture Notes in Artificial Intelligence and Lecture Notes in Bioinformatics)},
    author = {Deng, Jia and Ding, Nan and Jia, Yangqing and Frome, Andrea and Murphy, Kevin and Bengio, Samy and Li, Yuan and Neven, Hartmut and Adam, Hartwig},
    number = {PART 1},
    pages = {48--64},
    volume = {8689 LNCS},
    isbn = {9783319105895},
    doi = {10.1007/978-3-319-10590-1{\_}4},
    issn = {16113349},
    keywords = {Categorization, Object Recognition}
}

@article{Wu2005LearningTaxonomies,
    title = {{Learning Classifiers Using Hierarchically Structured Class Taxonomies}},
    year = {2005},
    journal = {Springer},
    author = {Wu, Feihong and Zhang, Jun and Honavar, Vasant},
    pages = {313--320},
    isbn = {3-540-27872-9, 978-3-540-27872-6},
    doi = {10.1007/11527862{\_}24},
    issn = {0302-9743},
    pmid = {19119324}
}

@article{Krawczyk2016LearningDirections,
    title = {{Learning from imbalanced data: open challenges and future directions}},
    year = {2016},
    journal = {Progress in Artificial Intelligence},
    author = {Krawczyk, Bartosz},
    number = {4},
    pages = {221--232},
    volume = {5},
    publisher = {Springer Berlin Heidelberg},
    url = {http://link.springer.com/10.1007/s13748-016-0094-0},
    doi = {10.1007/s13748-016-0094-0},
    issn = {2192-6352},
    keywords = {Machine learning,Imbalanced data,Multi-class imbal, big data, data streams, imbalanced clustering, imbalanced data, imbalanced regression, machine learning, multi-class imbalance}
}

@article{Das2019LikelihoodFlows,
    title = {{Likelihood Contribution Based Multi-Scale Architecture for Generative Flows}},
    year = {2019},
    journal = {Computing Research Repository},
    author = {Das, Hari Prasanna and Abbeel, Pieter and Spanos, Costas J.},
    number = {arXiv:1908.01686, Version 2},
    url = {http://arxiv.org/abs/1908.01686},
    arxivId = {1908.01686}
}

@inproceedings{Lin2014MicrosoftContext,
    title = {{Microsoft COCO: Common objects in context}},
    year = {2014},
    booktitle = {Lecture Notes in Computer Science (including subseries Lecture Notes in Artificial Intelligence and Lecture Notes in Bioinformatics)},
    author = {Lin, Tsung Yi and Maire, Michael and Belongie, Serge and Hays, James and Perona, Pietro and Ramanan, Deva and Doll{\'{a}}r, Piotr and Zitnick, C. Lawrence},
    isbn = {978-3-319-10601-4},
    doi = {10.1007/978-3-319-10602-1{\_}48},
    issn = {16113349},
    pmid = {16190471},
    arxivId = {1405.0312}
}

@article{Kwok2011Multi-LabelHierarchies,
    title = {{Multi-Label Classification on Tree- and DAG-Structured Hierarchies}},
    year = {2011},
    author = {Kwok, James T}
}

@inproceedings{Yu2016Multi-ScaleConvolutions,
    title = {{Multi-Scale Context Aggregation by Dilated Convolutions}},
    year = {2016},
    booktitle = {International Conference on Learning Representations},
    author = {Yu, Fisher and Koltun, Vladlen},
    isbn = {0894-0282},
    doi = {10.16373/j.cnki.ahr.150049},
    pmid = {22352717},
    arxivId = {1511.07122}
}

@inproceedings{Kendall2018Multi-TaskSemantics,
    title = {{Multi-Task Learning Using Uncertainty to Weigh Losses for Scene Geometry and Semantics}},
    year = {2018},
    booktitle = {Proceedings of the IEEE Conference on Computer Vision and Pattern Recognition ({\{}CVPR{\}})},
    author = {Kendall, Alex and Gal, Yarin and Cipolla, Roberto},
    arxivId = {1705.07115}
}

@phdthesis{Papamakarios2019NeuralInference,
    title = {{Neural Density Estimation and Likelihood-free Inference}},
    year = {2019},
    author = {Papamakarios, George},
    number = {April},
    url = {https://gpapamak.github.io/},
    school = {University of Edinburgh},
    arxivId = {arXiv:1910.13233v1}
}

@article{Graves2014NeuralMachines,
    title = {{Neural Turing Machines}},
    year = {2014},
    author = {Graves, Alex and Wayne, Greg and Danihelka, Ivo},
    pages = {1--26},
    url = {http://arxiv.org/abs/1410.5401},
    isbn = {0028-0836},
    doi = {10.3389/neuro.12.006.2007},
    issn = {2041-1723},
    pmid = {18958277},
    arxivId = {1410.5401}
}

@article{Finke2019OnAutoencoders,
    title = {{On importance-weighted autoencoders}},
    year = {2019},
    author = {Finke, Axel and Thiery, Alexandre H.},
    url = {http://arxiv.org/abs/1907.10477},
    arxivId = {1907.10477}
}

@article{Boughorbel2017OptimalMetric,
    title = {{Optimal classifier for imbalanced data using Matthews Correlation Coefficient metric}},
    year = {2017},
    journal = {Public Library of Science (PLoS ONE)},
    author = {Boughorbel, Sabri and Jarray, Fethi and El-Anbari, Mohammed},
    pages = {1--17},
    volume = {12},
    url = {https://doi.org/10.1371/journal.pone.0177678},
    isbn = {1111111111},
    doi = {10.1371/journal.pone.0177678},
    issn = {19326203},
    pmid = {28574989}
}

@article{Berman2017OptimizationHinge,
    title = {{Optimization of the Jaccard index for image segmentation with the Lov{\'{a}}sz hinge}},
    year = {2017},
    journal = {CoRR, abs/1705.08790},
    author = {Berman, Maxim and Triki, Amal Rannen and Blaschko, Matthew B.},
    volume = {5},
    url = {http://arxiv.org/abs/1705.08790},
    doi = {10.1109/CVPR.2018.00464},
    arxivId = {1705.08790}
}

@inproceedings{Schulz2016PerformanceProving,
    title = {{Performance of clause selection heuristics for saturation-based theorem proving}},
    year = {2016},
    booktitle = {International Joint Conference on Automated Reasoning},
    author = {Schulz, Stephan and M{\"{o}}hrmann, Martin},
    pages = {330--345},
    volume = {9706},
    isbn = {9783319402284},
    doi = {10.1007/978-3-319-40229-1{\_}23},
    issn = {16113349}
}

@article{Yang2019PotentialModels,
    title = {{Potential Flow Generator with {\$}L{\_}2{\$} Optimal Transport Regularity for Generative Models}},
    year = {2019},
    author = {Yang, Liu and Karniadakis, George Em},
    url = {http://arxiv.org/abs/1908.11462},
    arxivId = {1908.11462}
}

@article{Merity2018RegularizingModels,
    title = {{Regularizing and optimizing LSTM language models}},
    year = {2018},
    journal = {6th International Conference on Learning Representations, ICLR 2018 - Conference Track Proceedings},
    author = {Merity, Stephen and Keskar, Nitish Shirish and Socher, Richard},
    arxivId = {1708.02182}
}

@article{Chen2019ResidualModeling,
    title = {{Residual Flows for Invertible Generative Modeling}},
    year = {2019},
    journal = {Computing Research Repository},
    author = {Chen, Ricky T. Q. and Behrmann, Jens and Duvenaud, David and Jacobsen, Jörn-Henrik},
    number = {arXiv:1906.02735, Version 1},
    url = {http://arxiv.org/abs/1906.02735},
    arxivId = {1906.02735}
}

@article{Chen2017RethinkingSegmentation,
    title = {{Rethinking Atrous Convolution for Semantic Image Segmentation}},
    year = {2017},
    author = {Chen, Liang-Chieh and Papandreou, George and Schroff, Florian and Adam, Hartwig},
    url = {http://arxiv.org/abs/1706.05587},
    arxivId = {1706.05587}
}

@article{Bachmair1994Rewrite-BasedSimplification,
    title = {{Rewrite-Based Equational Theorem Proving With Selection and Simplification}},
    year = {1994},
    journal = {Jounral of Logic and Computation},
    author = {Bachmair, Leo and Ganzinger, Harald},
    pages = {217--247},
    volume = {4}
}

@incollection{Liu2016SSD:Detector,
    title = {{SSD: Single shot multibox detector}},
    year = {2016},
    booktitle = {European conference on computer vision},
    author = {Liu, Wei and Anguelov, Dragomir and Erhan, Dumitru and Szegedy, Christian and Reed, Scott and Fu, Cheng Yang and Berg, Alexander C.},
    month = {12},
    pages = {21--37},
    volume = {9905 LNCS},
    publisher = {Springer},
    url = {http://arxiv.org/abs/1512.02325 http://dx.doi.org/10.1007/978-3-319-46448-0_2 http://link.springer.com/10.1007/978-3-319-46448-0_2},
    isbn = {9783319464473},
    doi = {10.1007/978-3-319-46448-0{\_}2},
    issn = {16113349},
    pmid = {23739795},
    arxivId = {1512.02325},
    keywords = {Convolutional neural network, Real-time object detection}
}

@article{Donahue2018SynthesizingNetworks,
    title = {{Synthesizing Audio with Generative Adversarial Networks}},
    year = {2018},
    author = {Donahue, Chris and McAuley, Julian and Puckette, Miller},
    url = {http://arxiv.org/abs/1802.04208},
    doi = {1802.04208},
    arxivId = {1802.04208}
}

@inproceedings{Schulz2013System1.8,
    title = {{System Description: E 1.8}},
    year = {2013},
    booktitle = {International Conference on Logic for Programming Artificial Intelligence and Reasoning},
    author = {Schulz, Stephan},
    editor = {McMillan, Ken and Middeldorp, Aart and Voronkov, Andrei},
    pages = {735--743},
    publisher = {Springer}
}

@inproceedings{Cordts2016TheUnderstanding,
    title = {{The Cityscapes Dataset for Semantic Urban Scene Understanding}},
    year = {2016},
    booktitle = {The IEEE Conference on Computer Vision and Pattern Recognition (CVPR)},
    author = {Cordts, Marius and Omran, Mohamed and Ramos, Sebastian and Rehfeld, Timo and Enzweiler, Markus and Benenson, Rodrigo and Franke, Uwe and Roth, Stefan and Schiele, Bernt},
    pages = {3213--3223},
    url = {http://arxiv.org/abs/1604.01685},
    isbn = {978-1-4673-8851-1},
    doi = {10.1109/CVPR.2016.350},
    issn = {10636919},
    pmid = {23554596},
    arxivId = {1604.01685}
}

@inproceedings{Neuhold2017TheScenes,
    title = {{The Mapillary Vistas Dataset for Semantic Understanding of Street Scenes}},
    year = {2017},
    booktitle = {Proceedings of the IEEE International Conference on Computer Vision},
    author = {Neuhold, Gerhard and Ollmann, Tobias and Bulo, Samuel Rota and Kontschieder, Peter},
    pages = {5000--5009},
    volume = {2017-Octob},
    isbn = {9781538610329},
    doi = {10.1109/ICCV.2017.534},
    issn = {15505499},
    arxivId = {1711.11556}
}

@article{Everingham2010TheChallenge,
    title = {{The pascal visual object classes (VOC) challenge}},
    year = {2010},
    journal = {International Journal of Computer Vision},
    author = {Everingham, Mark and Van Gool, Luc and Williams, Christopher K.I. and Winn, John and Zisserman, Andrew},
    isbn = {0920-5691},
    doi = {10.1007/s11263-009-0275-4},
    issn = {09205691},
    pmid = {20713396},
    keywords = {Benchmark, Database, Object detection, Object recognition}
}

@article{Saito2015TheDatasets,
    title = {{The precision-recall plot is more informative than the ROC plot when evaluating binary classifiers on imbalanced datasets}},
    year = {2015},
    journal = {PLoS ONE},
    author = {Saito, Takaya and Rehmsmeier, Marc},
    number = {3},
    pages = {1--21},
    volume = {10},
    isbn = {1932-6203},
    doi = {10.1371/journal.pone.0118432},
    issn = {19326203},
    pmid = {25738806}
}

@article{Schulz2013WhereE.,
    title = {{Where, What, and How? Lessons from the Evolution of E.}},
    year = {2013},
    journal = {Invited talk at the 19th LPAR, 2013, Stellenbosch, South Africa},
    author = {Schulz, Stephan},
    pages = {49--55}
}

@article{Redmon2016YOLODetection,
    title = {{YOLO You only look once: Unified, real-time object detection}},
    year = {2016},
    journal = {IEEE Conference on Computer Vision and Pattern Recognition (CVPR)},
    author = {Redmon, Joseph and Divvala, Santosh and Girshick, Ross and Farhadi, Ali},
    pages = {779--788},
    url = {https://ieeexplore.ieee.org/document/7780460/},
    isbn = {9781467388511},
    doi = {10.1016/j.nima.2015.05.028},
    issn = {10636919},
    pmid = {27295650},
    arxivId = {1506.02640v1}
}